[
{
  "fields": {
    "cm_name": "Lynna S. Hood",
    "setasides": [
      1,
      2
    ],
    "sam_exclusion": false,
    "name": "Addx Corporation",
    "number_of_employees": 57,
    "cm_email": "lhood@addxcorp.com",
    "pm_email": "jmillward@addxcorp.com",
    "cm_phone": "571-257-4785",
    "sam_address": "4900 SEMINARY RD STE 700",
    "pm_name": "John Millward",
    "sam_activation_date": "2017-10-16T11:44:12Z",
    "duns_4": "0398726220000",
    "pm_phone": "571-236-0477",
    "annual_revenue": 14812719,
    "duns": "039872622",
    "sam_status": "ACTIVE",
    "cage": "1XPA3",
    "sam_citystate": "ALEXANDRIA, VA 22311",
    "sam_url": "http://www.addxcorp.com",
    "sam_expiration_date": "2018-10-16T11:27:28Z"
  },
  "model": "vendors.vendor",
  "pk": 1448
},
{
  "fields": {
    "cm_name": "Anthony Darveaux ",
    "setasides": [
      1,
      2,
      15
    ],
    "sam_exclusion": false,
    "name": "Advanced C4 Solutions, Inc. dba AC4S",
    "number_of_employees": 120,
    "cm_email": "OASIS@ac4s.com",
    "pm_email": "OASIS@ac4s.com",
    "cm_phone": "813-983-7463",
    "sam_address": "4017 W Martin Luther King Jr Blvd ",
    "pm_name": "Billy Hogan",
    "sam_activation_date": "2017-11-06T13:18:41Z",
    "duns_4": "1184980670000",
    "pm_phone": "813-983-7445",
    "annual_revenue": 7900000,
    "duns": "118498067",
    "sam_status": "ACTIVE",
    "cage": "3BEH8",
    "sam_citystate": "Tampa, FL 33614",
    "sam_url": "http://www.ac4s.com",
    "sam_expiration_date": "2018-11-06T12:34:38Z"
  },
  "model": "vendors.vendor",
  "pk": 1449
},
{
  "fields": {
    "cm_name": "Jen Kim",
    "setasides": [],
    "sam_exclusion": false,
    "name": "Advanced Systems Technology and Management, Inc. dba AdSTM",
    "number_of_employees": 35,
    "cm_email": "OASIS@adstm.com",
    "pm_email": "OASIS@adstm.com",
    "cm_phone": "703-821-0678",
    "sam_address": "7925 Jones Branch Dr Ste 5400",
    "pm_name": "Gary Bell",
    "sam_activation_date": "2017-10-10T12:29:04Z",
    "duns_4": "0491926490000",
    "pm_phone": "240-538-8357",
    "annual_revenue": 5000000,
    "duns": "049192649",
    "sam_status": "ACTIVE",
    "cage": "1NU65",
    "sam_citystate": "McLean, VA 22102",
    "sam_url": "http://www.adstm.com",
    "sam_expiration_date": "2018-10-10T12:16:52Z"
  },
  "model": "vendors.vendor",
  "pk": 1450
},
{
  "fields": {
    "cm_name": "Delores Crumlin",
    "setasides": [],
    "sam_exclusion": false,
    "name": "Agile Defense, Inc.",
    "number_of_employees": 18,
    "cm_email": "contracts@agile-defense.com",
    "pm_email": "OASISSB@agile-defense.com",
    "cm_phone": "571-222-5251",
    "sam_address": "11600 Sunrise Valley Dr Ste 440",
    "pm_name": "Shine Misola",
    "sam_activation_date": "2017-11-02T13:28:45Z",
    "duns_4": "0410544410000",
    "pm_phone": "571-748-4451",
    "annual_revenue": 892560,
    "duns": "041054441",
    "sam_status": "ACTIVE",
    "cage": "1HXK0",
    "sam_citystate": "Reston, VA 20191",
    "sam_url": "http://www.agile-defense.com",
    "sam_expiration_date": "2018-11-02T12:51:40Z"
  },
  "model": "vendors.vendor",
  "pk": 1451
},
{
  "fields": {
    "cm_name": "Dr. Bala G. Bala",
    "setasides": [
      3,
      15
    ],
    "sam_exclusion": false,
    "name": "Analytical Services and Materials, Inc.",
    "number_of_employees": 190,
    "cm_email": "bala@asm-usa.com",
    "pm_email": "junnam@asm-usa.com",
    "cm_phone": "757-865-7093 x 311",
    "sam_address": "107 RESEARCH DR",
    "pm_name": "Dr. Jalaiah Unnam ",
    "sam_activation_date": "2017-12-01T13:58:33Z",
    "duns_4": "1190690520000",
    "pm_phone": "757-865-7093 x 306",
    "annual_revenue": 15000000,
    "duns": "119069052",
    "sam_status": "ACTIVE",
    "cage": "3Y798",
    "sam_citystate": "HAMPTON, VA 23666",
    "sam_url": "HTTP://WWW.ASM-USA.COM",
    "sam_expiration_date": "2018-12-01T13:48:44Z"
  },
  "model": "vendors.vendor",
  "pk": 1452
},
{
  "fields": {
    "cm_name": "Rebecca Merrill",
    "setasides": [],
    "sam_exclusion": false,
    "name": "A-P-T Research, Inc. dba APT Research",
    "number_of_employees": 36,
    "cm_email": "contracts@apt-research.com",
    "pm_email": "OASIS@apt-research.com",
    "cm_phone": "256-327-4015 ",
    "sam_address": "4950 Research Dr",
    "pm_name": "Brian Weyenberg",
    "sam_activation_date": "2017-10-10T09:43:55Z",
    "duns_4": "7911951670000",
    "pm_phone": "256-327-4033",
    "annual_revenue": 2000000,
    "duns": "791195167",
    "sam_status": "ACTIVE",
    "cage": "0S289",
    "sam_citystate": "Huntsville, AL 35805",
    "sam_url": "http://www.aptresearch.com",
    "sam_expiration_date": "2018-10-10T09:26:48Z"
  },
  "model": "vendors.vendor",
  "pk": 1453
},
{
  "fields": {
    "cm_name": "Benjamin W. Saunders",
    "setasides": [
      15
    ],
    "sam_exclusion": false,
    "name": "Arctic Slope Technical Services, Inc.",
    "number_of_employees": 125,
    "cm_email": "OASIS@asrcfederal.com",
    "pm_email": "OASIS@asrcfederal.com",
    "cm_phone": "571-266-2986",
    "sam_address": "7000 Muirkirk Meadows Dr ",
    "pm_name": "Jeffrey Chesko",
    "sam_activation_date": "2017-10-09T10:28:53Z",
    "duns_4": "9687061060000",
    "pm_phone": "571-262-3144",
    "annual_revenue": 11914328,
    "duns": "968706106",
    "sam_status": "ACTIVE",
    "cage": "6HBK6",
    "sam_citystate": "Beltsville, MD 20705",
    "sam_url": "http://www.ascs-corp.com",
    "sam_expiration_date": "2018-10-09T09:52:46Z"
  },
  "model": "vendors.vendor",
  "pk": 1454
},
{
  "fields": {
    "cm_name": "Tina Ridgeway",
    "setasides": [
      3
    ],
    "sam_exclusion": false,
    "name": "Atlantic CommTech Corporation",
    "number_of_employees": 40,
    "cm_email": "tridgeway@act-corp.com",
    "pm_email": "OASIS@act-corp.com",
    "cm_phone": "757-858-5303 x 204",
    "sam_address": "2509 Walmer Ave",
    "pm_name": "Jim Biskaduros",
    "sam_activation_date": "2017-10-10T12:29:11Z",
    "duns_4": "0488707240000",
    "pm_phone": "703-867-1364",
    "annual_revenue": 4350156,
    "duns": "048870724",
    "sam_status": "ACTIVE",
    "cage": "1J0V2",
    "sam_citystate": "Norfolk, VA 23513",
    "sam_url": "http://www.act-corp.com",
    "sam_expiration_date": "2018-10-10T12:14:33Z"
  },
  "model": "vendors.vendor",
  "pk": 1455
},
{
  "fields": {
    "cm_name": "Gary Jaffe",
    "setasides": [
      1
    ],
    "sam_exclusion": false,
    "name": "Atlas Technologies, Inc.",
    "number_of_employees": 0,
    "cm_email": "OASIS@atlas-tech.com",
    "pm_email": "OASIS@atlas-tech.com",
    "cm_phone": "843-725-2285",
    "sam_address": "5416 A Rivers Ave Ste 105",
    "pm_name": "John Jones",
    "sam_activation_date": "2017-03-13T13:42:39Z",
    "duns_4": "7999808590000",
    "pm_phone": "843-725-2274",
    "annual_revenue": 0,
    "duns": "799980859",
    "sam_status": "ACTIVE",
    "cage": "1B7M7",
    "sam_citystate": "North Charleston, SC 29406",
    "sam_url": "https://www.atlas-tech.com",
    "sam_expiration_date": "2018-03-13T13:25:37Z"
  },
  "model": "vendors.vendor",
  "pk": 1456
},
{
  "fields": {
    "cm_name": "Kim Taylor",
    "setasides": [],
    "sam_exclusion": false,
    "name": "Avion Solutions, Inc. dba Avion",
    "number_of_employees": 0,
    "cm_email": "OASIS@avioninc.com",
    "pm_email": "OASIS@avioninc.com",
    "cm_phone": "256-327-7133",
    "sam_address": "4905 RESEARCH DR",
    "pm_name": "Jeff Blackmon",
    "sam_activation_date": "2017-10-12T11:59:05Z",
    "duns_4": "8048598410000",
    "pm_phone": "256-327-7152",
    "annual_revenue": 0,
    "duns": "804859841",
    "sam_status": "ACTIVE",
    "cage": "1BFU7",
    "sam_citystate": "HUNTSVILLE, AL 35805",
    "sam_url": "http://www.avionsolutions.com",
    "sam_expiration_date": "2018-10-12T11:48:02Z"
  },
  "model": "vendors.vendor",
  "pk": 1457
},
{
  "fields": {
    "cm_name": "Ken Scott",
    "setasides": [
      1,
      2,
      18
    ],
    "sam_exclusion": false,
    "name": "Bevilaqua Research Corporation",
    "number_of_employees": 0,
    "cm_email": "BRC_OASIS@brc2.com",
    "pm_email": "BRC_OASIS@brc2.com",
    "cm_phone": "256-882-6229 x 106",
    "sam_address": "4901 CORPORATE DR NW STE B",
    "pm_name": "Andy Bevilaqua",
    "sam_activation_date": "2017-10-16T11:44:10Z",
    "duns_4": "8068493030000",
    "pm_phone": "256-882-6229 x 102",
    "annual_revenue": 0,
    "duns": "806849303",
    "sam_status": "ACTIVE",
    "cage": "0U9B6",
    "sam_citystate": "HUNTSVILLE, AL 35805",
    "sam_url": "http://www.brc2.com",
    "sam_expiration_date": "2018-10-16T11:25:54Z"
  },
  "model": "vendors.vendor",
  "pk": 1458
},
{
  "fields": {
    "cm_name": "Lori K. Schendel",
    "setasides": [
      15
    ],
    "sam_exclusion": false,
    "name": "Bowhead Logistics Solutions, LLC",
    "number_of_employees": 44,
    "cm_email": "OASIS-SB@bowheadsupport.com",
    "pm_email": "OASIS-SB@bowheadsupport.com",
    "cm_phone": "540-604-1650",
    "sam_address": "4900 Seminary Rd Ste 1200 ",
    "pm_name": "R. Ken Trammell",
    "sam_activation_date": "2017-10-18T12:13:59Z",
    "duns_4": "6269792280000",
    "pm_phone": "865-556-9785",
    "annual_revenue": 3727289,
    "duns": "626979228",
    "sam_status": "ACTIVE",
    "cage": "4NFX9",
    "sam_citystate": "Alexandria, VA 22311",
    "sam_url": null,
    "sam_expiration_date": "2018-10-18T11:59:11Z"
  },
  "model": "vendors.vendor",
  "pk": 1459
},
{
  "fields": {
    "cm_name": "Daniel Nielsen",
    "setasides": [
      3,
      15
    ],
    "sam_exclusion": false,
    "name": "Caelum Research Corporation",
    "number_of_employees": 120,
    "cm_email": "OASIS-SB@caelum.com",
    "pm_email": "OASIS-SB@caelum.com",
    "cm_phone": "301-424-8205 x 311",
    "sam_address": "30 W Gude Dr Ste 200 ",
    "pm_name": "James Bauer",
    "sam_activation_date": "2017-10-11T16:29:03Z",
    "duns_4": "1960043940000",
    "pm_phone": "301-424-8025 x 315",
    "annual_revenue": 21349818,
    "duns": "196004394",
    "sam_status": "ACTIVE",
    "cage": "0DLL1",
    "sam_citystate": "Rockville, MD 20850",
    "sam_url": "http://www.caelum.com",
    "sam_expiration_date": "2018-10-11T16:15:39Z"
  },
  "model": "vendors.vendor",
  "pk": 1460
},
{
  "fields": {
    "cm_name": "Ellen Barletto",
    "setasides": [
      1,
      16
    ],
    "sam_exclusion": false,
    "name": "Client Solution Architects, LLC",
    "number_of_employees": 56,
    "cm_email": "CSA-GSA-OASIS@csaassociates.com",
    "pm_email": "CSA-GSA-OASIS@csaassociates.com",
    "cm_phone": "619-813-2906",
    "sam_address": "52 Gettysburg Pike",
    "pm_name": "Jay Heroux",
    "sam_activation_date": "2017-10-11T16:14:02Z",
    "duns_4": "1301968140000",
    "pm_phone": "540-878-1857",
    "annual_revenue": 7488352,
    "duns": "130196814",
    "sam_status": "ACTIVE",
    "cage": "3ESN1",
    "sam_citystate": "Mechanicsburg, PA 17055",
    "sam_url": "http://www.csaassociates.com",
    "sam_expiration_date": "2018-10-11T16:01:06Z"
  },
  "model": "vendors.vendor",
  "pk": 1461
},
{
  "fields": {
    "cm_name": "Christopher Holtery",
    "setasides": [
      16
    ],
    "sam_exclusion": false,
    "name": "Constellation Software Engineering Corp.",
    "number_of_employees": 35,
    "cm_email": "Chris.Holtery@cse-corp.com",
    "pm_email": "OASIS-PM@cse-corp.com",
    "cm_phone": "301-459-8880 x 1011",
    "sam_address": "180 Admiral Cochrane Dr Suite 230",
    "pm_name": "Christopher (Chris) Stone",
    "sam_activation_date": "2017-11-02T14:43:57Z",
    "duns_4": "1020610120000",
    "pm_phone": "410-231-6023",
    "annual_revenue": 6500000,
    "duns": "102061012",
    "sam_status": "ACTIVE",
    "cage": "1XJD6",
    "sam_citystate": "Annapolis, MD 21401",
    "sam_url": "http://www.cse-corp.com",
    "sam_expiration_date": "2018-11-02T14:23:43Z"
  },
  "model": "vendors.vendor",
  "pk": 1462
},
{
  "fields": {
    "cm_name": "John Stapleford",
    "setasides": [
      15,
      16
    ],
    "sam_exclusion": false,
    "name": "Credence Management Solutions, LLC",
    "number_of_employees": 25,
    "cm_email": "contracts@credence-llc.com",
    "pm_email": "OASIS@credence-llc.com",
    "cm_phone": "757-561-4003",
    "sam_address": "8609 Westwood Ctr Dr Ste 300",
    "pm_name": "Leigh Boyle",
    "sam_activation_date": "2017-11-01T10:38:44Z",
    "duns_4": "8058757180000",
    "pm_phone": "757-303-5104",
    "annual_revenue": 4000000,
    "duns": "805875718",
    "sam_status": "ACTIVE",
    "cage": "4WPK2",
    "sam_citystate": "Vienna, VA 22182",
    "sam_url": "http://www.credence-llc.com",
    "sam_expiration_date": "2018-11-01T09:55:02Z"
  },
  "model": "vendors.vendor",
  "pk": 1463
},
{
  "fields": {
    "cm_name": "Theodore (Ted) J. Thanos",
    "setasides": [],
    "sam_exclusion": false,
    "name": "DDL OMNI Engineering, LLC",
    "number_of_employees": 280,
    "cm_email": "OASIS@ddlomni.com",
    "pm_email": "OASIS@ddlomni.com",
    "cm_phone": "703 918-4336",
    "sam_address": "8260 GREENSBORO DR STE 600",
    "pm_name": "Robert (Bob) W. Fritz",
    "sam_activation_date": "2017-12-01T09:13:29Z",
    "duns_4": "0810937750000",
    "pm_phone": "703 918-4323",
    "annual_revenue": 39780000,
    "duns": "081093775",
    "sam_status": "ACTIVE",
    "cage": "078S2",
    "sam_citystate": "MC LEAN, VA 22102",
    "sam_url": "http://www.ddlomni.com",
    "sam_expiration_date": "2018-12-01T08:56:40Z"
  },
  "model": "vendors.vendor",
  "pk": 1464
},
{
  "fields": {
    "cm_name": "Geoffrey McDermott",
    "setasides": [
      3,
      15,
      16
    ],
    "sam_exclusion": false,
    "name": "DRT Strategies, Inc.",
    "number_of_employees": 200,
    "cm_email": "gmcdermott@drtstrategies.com",
    "pm_email": "mduffy@drtstrategies.com",
    "cm_phone": "571-482-2502",
    "sam_address": "4401 N Fairfax Dr Ste 800",
    "pm_name": "Mike Duffy",
    "sam_activation_date": "2017-12-04T07:38:27Z",
    "duns_4": "1424287830000",
    "pm_phone": "571-482-2510",
    "annual_revenue": 33170832,
    "duns": "142428783",
    "sam_status": "ACTIVE",
    "cage": "3PZT2",
    "sam_citystate": "Arlington, VA 22203",
    "sam_url": "http://www.drtstrategies.com",
    "sam_expiration_date": "2018-12-04T07:04:22Z"
  },
  "model": "vendors.vendor",
  "pk": 1465
},
{
  "fields": {
    "cm_name": "John McClean",
    "setasides": [],
    "sam_exclusion": false,
    "name": "Forward Slope Incorporated",
    "number_of_employees": 25,
    "cm_email": "jmcclean@forwardslope.com",
    "pm_email": "njohnson@forwardslope.com",
    "cm_phone": "619-780-0158",
    "sam_address": "2020 Camino Del Rio N Ste 400",
    "pm_name": "Nathan Johnson",
    "sam_activation_date": "2017-10-13T19:13:53Z",
    "duns_4": "0383449530000",
    "pm_phone": "619-780-0167",
    "annual_revenue": 3000000,
    "duns": "038344953",
    "sam_status": "ACTIVE",
    "cage": "1KU93",
    "sam_citystate": "San Diego, CA 92108",
    "sam_url": "http://www.forwardslope.com",
    "sam_expiration_date": "2018-10-13T18:57:19Z"
  },
  "model": "vendors.vendor",
  "pk": 1466
},
{
  "fields": {
    "cm_name": "June Adams",
    "setasides": [],
    "sam_exclusion": false,
    "name": "Futron, Inc.",
    "number_of_employees": 37,
    "cm_email": "OASISSB@futroninc.com",
    "pm_email": "OASISSB@futroninc.com",
    "cm_phone": "571-402-3211",
    "sam_address": "14073 CROWN CT",
    "pm_name": "Shakil Qureshi",
    "sam_activation_date": "2017-11-02T16:13:53Z",
    "duns_4": "8788966870000",
    "pm_phone": "571-402-3202",
    "annual_revenue": 11643225,
    "duns": "878896687",
    "sam_status": "ACTIVE",
    "cage": "062H2",
    "sam_citystate": "WOODBRIDGE, VA 22193",
    "sam_url": "http://www.futroninc.com",
    "sam_expiration_date": "2018-11-02T16:02:38Z"
  },
  "model": "vendors.vendor",
  "pk": 1467
},
{
  "fields": {
    "cm_name": "Sal Malgari",
    "setasides": [
      3
    ],
    "sam_exclusion": false,
    "name": "Gemini Industries, Inc. dba GEMINI",
    "number_of_employees": 0,
    "cm_email": "OASIS@gemini-ind.com",
    "pm_email": "OASIS@gemini-ind.com",
    "cm_phone": "781-203-0100 x 104",
    "sam_address": "200 Summit Drive Ste110",
    "pm_name": "Vincent Maconi",
    "sam_activation_date": "2017-11-01T07:58:44Z",
    "duns_4": "1975032120000",
    "pm_phone": "781-203-0100 x 204",
    "annual_revenue": 0,
    "duns": "197503212",
    "sam_status": "ACTIVE",
    "cage": "0BAX9",
    "sam_citystate": "Burlington, MA 01803",
    "sam_url": "http://www.gemini-ind.com",
    "sam_expiration_date": "2018-11-01T07:50:28Z"
  },
  "model": "vendors.vendor",
  "pk": 1468
},
{
  "fields": {
    "cm_name": "Michele Smith",
    "setasides": [],
    "sam_exclusion": false,
    "name": "KeyLogic Systems, Inc.",
    "number_of_employees": 0,
    "cm_email": "msmith@keylogic.com",
    "pm_email": "gcopen@keylogic.com",
    "cm_phone": "443-539-9062",
    "sam_address": "3168 Collins Ferry Rd ",
    "pm_name": "Glenn Copen",
    "sam_activation_date": "2017-11-21T11:43:45Z",
    "duns_4": "0543031800000",
    "pm_phone": "443-539-9051",
    "annual_revenue": 0,
    "duns": "054303180",
    "sam_status": "ACTIVE",
    "cage": "1KWG7",
    "sam_citystate": "Morgantown, WV 26505",
    "sam_url": "http://www.keylogic.com",
    "sam_expiration_date": "2018-11-21T11:35:25Z"
  },
  "model": "vendors.vendor",
  "pk": 1469
},
{
  "fields": {
    "cm_name": "Clare Biscardi",
    "setasides": [
      1,
      16
    ],
    "sam_exclusion": false,
    "name": "Ki Ho Military Acquisition Consulting, Inc. dba KIHOMAC",
    "number_of_employees": 0,
    "cm_email": "OASIS@kihomac.com",
    "pm_email": "OASIS@kihomac.com",
    "cm_phone": "937-429-7744 x 115",
    "sam_address": "2100 Reston Pkwy Ste 310",
    "pm_name": "Scot Merrihew",
    "sam_activation_date": "2017-10-18T09:28:53Z",
    "duns_4": "1377684820000",
    "pm_phone": "801-593-7088 x 121",
    "annual_revenue": 0,
    "duns": "137768482",
    "sam_status": "ACTIVE",
    "cage": "3L2L3",
    "sam_citystate": "Reston, VA 20191",
    "sam_url": "http://www.kihomac.com",
    "sam_expiration_date": "2018-10-18T09:13:34Z"
  },
  "model": "vendors.vendor",
  "pk": 1470
},
{
  "fields": {
    "cm_name": "Kevin Terrell",
    "setasides": [
      1,
      2
    ],
    "sam_exclusion": false,
    "name": "KT Consulting, Inc.",
    "number_of_employees": 125,
    "cm_email": "kterrell@ktc-inc.com",
    "pm_email": "kterrell@ktc-inc.com",
    "cm_phone": "480-538-2668",
    "sam_address": "4435 E Chandler Blvd Ste 130",
    "pm_name": "Kevin Terrell",
    "sam_activation_date": "2017-10-26T10:29:24Z",
    "duns_4": "0890728260000",
    "pm_phone": "480-538-2668",
    "annual_revenue": 5950000,
    "duns": "089072826",
    "sam_status": "ACTIVE",
    "cage": "1X2F2",
    "sam_citystate": "Phoenix, AZ 85048",
    "sam_url": "http://www.ktc-inc.com",
    "sam_expiration_date": "2018-10-26T10:20:31Z"
  },
  "model": "vendors.vendor",
  "pk": 1471
},
{
  "fields": {
    "cm_name": "Vicky Hilton",
    "setasides": [
      1,
      2
    ],
    "sam_exclusion": false,
    "name": "Leader Communications, Inc.",
    "number_of_employees": 354,
    "cm_email": "contract.administration@lcibest.com",
    "pm_email": "OASISPMO@lcibest.com ",
    "cm_phone": "405-622-2200",
    "sam_address": "6421 S Air Depot Blvd Ste A ",
    "pm_name": "Diana Petross",
    "sam_activation_date": "2017-10-13T18:43:57Z",
    "duns_4": "0466574120000",
    "pm_phone": "405-622-2200 x 106",
    "annual_revenue": 24774396,
    "duns": "046657412",
    "sam_status": "ACTIVE",
    "cage": "1J7E8",
    "sam_citystate": "Oklahoma City, OK 73135",
    "sam_url": "https://www.lcibest.com/",
    "sam_expiration_date": "2018-10-13T18:23:55Z"
  },
  "model": "vendors.vendor",
  "pk": 1472
},
{
  "fields": {
    "cm_name": "Michelle Rosalez",
    "setasides": [
      15
    ],
    "sam_exclusion": false,
    "name": "Management and Engineering Technologies International, Inc. dba METI",
    "number_of_employees": 70,
    "cm_email": "contracts@meticorp.com",
    "pm_email": "bd@meticorp.com",
    "cm_phone": "915-772-4975",
    "sam_address": "8600 Boeing Dr",
    "pm_name": "Ernest Osborn",
    "sam_activation_date": "2017-10-17T19:58:52Z",
    "duns_4": "0743342640000",
    "pm_phone": "937-256-9464",
    "annual_revenue": 430000,
    "duns": "074334264",
    "sam_status": "ACTIVE",
    "cage": "1LX23",
    "sam_citystate": "El Paso, TX 79925",
    "sam_url": "HTTP://WWW.METICORP.COM",
    "sam_expiration_date": "2018-10-17T19:50:55Z"
  },
  "model": "vendors.vendor",
  "pk": 1473
},
{
  "fields": {
    "cm_name": "Adesh Jain",
    "setasides": [
      15,
      16
    ],
    "sam_exclusion": false,
    "name": "NikSoft Systems Corporation",
    "number_of_employees": 30,
    "cm_email": "OASIS@niksoft.com",
    "pm_email": "OASIS@niksoft.com",
    "cm_phone": "703-435-2260 x 206",
    "sam_address": "1984 Issac Newton Sq W Ste 306A",
    "pm_name": "Manesh Gupta",
    "sam_activation_date": "2017-10-23T10:15:14Z",
    "duns_4": "0712150370000",
    "pm_phone": "703-435-2260 ",
    "annual_revenue": 5351889,
    "duns": "071215037",
    "sam_status": "ACTIVE",
    "cage": "3RYX3",
    "sam_citystate": "Reston, VA 20190",
    "sam_url": "http://www.niksoft.com",
    "sam_expiration_date": "2018-10-23T10:04:17Z"
  },
  "model": "vendors.vendor",
  "pk": 1474
},
{
  "fields": {
    "cm_name": "Karl P. Farber",
    "setasides": [
      1
    ],
    "sam_exclusion": false,
    "name": "ORBIS Sibro, Inc., dba ORBIS",
    "number_of_employees": 105,
    "cm_email": "OASISSB@orbisinc.net",
    "pm_email": "OASISSB@orbisinc.net",
    "cm_phone": "843-971-9390 x 226",
    "sam_address": "268 W Coleman Blvd Ste 2A",
    "pm_name": "Charles Grabenstein",
    "sam_activation_date": "2017-11-08T15:13:47Z",
    "duns_4": "8729427060000",
    "pm_phone": "202-548-3110 x 346",
    "annual_revenue": 16850000,
    "duns": "872942706",
    "sam_status": "ACTIVE",
    "cage": "1SEL4",
    "sam_citystate": "Mount Pleasant, SC 29464",
    "sam_url": "http://www.orbisinc.net",
    "sam_expiration_date": "2018-11-08T15:06:44Z"
  },
  "model": "vendors.vendor",
  "pk": 1475
},
{
  "fields": {
    "cm_name": "Bob Urban",
    "setasides": [],
    "sam_exclusion": false,
    "name": "PCCI, Inc.",
    "number_of_employees": 0,
    "cm_email": "burban@pccii.com",
    "pm_email": "thudon@pccii.com",
    "cm_phone": "703-229-1102",
    "sam_address": "300 N Lee St Ste 201",
    "pm_name": "Thomas Hudon",
    "sam_activation_date": "2017-10-13T14:43:59Z",
    "duns_4": "0166580800000",
    "pm_phone": "703-229-1110",
    "annual_revenue": 0,
    "duns": "016658080",
    "sam_status": "ACTIVE",
    "cage": "3Y970",
    "sam_citystate": "Alexandria, VA 22314",
    "sam_url": "http://www.pccii.com",
    "sam_expiration_date": "2018-10-13T14:29:47Z"
  },
  "model": "vendors.vendor",
  "pk": 1476
},
{
  "fields": {
    "cm_name": "Chrissy Hardin",
    "setasides": [
      15,
      16
    ],
    "sam_exclusion": false,
    "name": "Peerless Technologies Corporation",
    "number_of_employees": 250,
    "cm_email": "OASIS-Contracts@epeerless.com",
    "pm_email": "OASIS-Contracts@epeerless.com",
    "cm_phone": "937-490-5006",
    "sam_address": "2300 NATIONAL RD",
    "pm_name": "Julie Jones",
    "sam_activation_date": "2017-10-09T08:58:55Z",
    "duns_4": "1327298770000",
    "pm_phone": "937-490-5012",
    "annual_revenue": 20968432,
    "duns": "132729877",
    "sam_status": "ACTIVE",
    "cage": "1PST8",
    "sam_citystate": "FAIRBORN, OH 45324",
    "sam_url": "http://www.epeerless.com",
    "sam_expiration_date": "2018-10-09T08:43:44Z"
  },
  "model": "vendors.vendor",
  "pk": 1477
},
{
  "fields": {
    "cm_name": "Teresa Roberson",
    "setasides": [
      3
    ],
    "sam_exclusion": false,
    "name": "QuantiTech, Inc.",
    "number_of_employees": 0,
    "cm_email": "OASISSB@quantitech.com",
    "pm_email": "OASISSB@quantitech.com",
    "cm_phone": "256-799-0669",
    "sam_address": "360A Quality Cir Ste 100",
    "pm_name": "Darryl Wortman",
    "sam_activation_date": "2017-10-12T14:44:01Z",
    "duns_4": "6185641160000",
    "pm_phone": "256-799-0654",
    "annual_revenue": 0,
    "duns": "618564116",
    "sam_status": "ACTIVE",
    "cage": "0S9B5",
    "sam_citystate": "Huntsville, AL 35806",
    "sam_url": "HTTP://WWW.QUANTITECH.COM",
    "sam_expiration_date": "2018-10-12T14:33:19Z"
  },
  "model": "vendors.vendor",
  "pk": 1478
},
{
  "fields": {
    "cm_name": "Matthew Vodzak",
    "setasides": [],
    "sam_exclusion": false,
    "name": "Resource Management Concepts, Inc., dba RMC",
    "number_of_employees": 95,
    "cm_email": "mvodzak@rmcweb.com",
    "pm_email": "kcooley@rmcweb.com",
    "cm_phone": "301-862-7501",
    "sam_address": "46970 BRADLEY BLVD STE B",
    "pm_name": "Kevin Cooley",
    "sam_activation_date": "2017-05-09T08:45:08Z",
    "duns_4": "8075129340000",
    "pm_phone": "301-862-7501",
    "annual_revenue": 9872892,
    "duns": "807512934",
    "sam_status": "ACTIVE",
    "cage": "0RXW7",
    "sam_citystate": "LEXINGTON PARK, MD 20653",
    "sam_url": "http://www.RMCWEB.com",
    "sam_expiration_date": "2018-05-09T08:39:53Z"
  },
  "model": "vendors.vendor",
  "pk": 1479
},
{
  "fields": {
    "cm_name": "Connie Sawdey",
    "setasides": [
      1,
      2,
      3,
      15
    ],
    "sam_exclusion": false,
    "name": "Sawdey Solution Services, Inc.",
    "number_of_employees": 31,
    "cm_email": "OASIS@sawdeysolutionservices.com",
    "pm_email": "OASIS@sawdeysolutionservices.com",
    "cm_phone": "937-490-4060",
    "sam_address": "1430 Oak Ct Ste 304",
    "pm_name": "Beth Czanik",
    "sam_activation_date": "2017-06-30T07:10:03Z",
    "duns_4": "0203450750000",
    "pm_phone": "937-490-4060",
    "annual_revenue": 2115000,
    "duns": "020345075",
    "sam_status": "ACTIVE",
    "cage": "1TWX6",
    "sam_citystate": "Beavercreek, OH 45430",
    "sam_url": "http://www.sawdeysolutionservices.com",
    "sam_expiration_date": "2018-06-29T21:38:13Z"
  },
  "model": "vendors.vendor",
  "pk": 1480
},
{
  "fields": {
    "cm_name": "Eduardo (Ed) Cardenas",
    "setasides": [
      1,
      2,
      16
    ],
    "sam_exclusion": false,
    "name": "Skylla Engineering Ltd.",
    "number_of_employees": 170,
    "cm_email": "cardenase@skyllaeng.com",
    "pm_email": "muizersc@skyllaeng.com",
    "cm_phone": "281-787-7643",
    "sam_address": "316 E MAIN ST STE H",
    "pm_name": "Charles (Chuck) Muizers",
    "sam_activation_date": "2017-09-05T09:44:15Z",
    "duns_4": "1694018950000",
    "pm_phone": "832-474-0026",
    "annual_revenue": 18565000,
    "duns": "169401895",
    "sam_status": "ACTIVE",
    "cage": "32ZH5",
    "sam_citystate": "HUMBLE, TX 77338",
    "sam_url": "http://www.skyllaeng.com",
    "sam_expiration_date": "2018-09-05T09:26:20Z"
  },
  "model": "vendors.vendor",
  "pk": 1481
},
{
  "fields": {
    "cm_name": "Shellie Bowles",
    "setasides": [],
    "sam_exclusion": false,
    "name": "Southeastern Computer Consultants, Inc., SCCI",
    "number_of_employees": 0,
    "cm_email": "OASIS@teamscci.com",
    "pm_email": "OASIS@teamscci.com",
    "cm_phone": "301-695-5311",
    "sam_address": "3 HILLCREST DR STE A-201",
    "pm_name": "Kent Ek",
    "sam_activation_date": "2017-07-18T16:44:39Z",
    "duns_4": "0744188720000",
    "pm_phone": "512-600-9437",
    "annual_revenue": 0,
    "duns": "074418872",
    "sam_status": "ACTIVE",
    "cage": "3QGF7",
    "sam_citystate": "FREDERICK, MD 21703",
    "sam_url": "http://www.teamscci.com",
    "sam_expiration_date": "2018-07-18T16:33:27Z"
  },
  "model": "vendors.vendor",
  "pk": 1482
},
{
  "fields": {
    "cm_name": "Tyrone Sydnor",
    "setasides": [],
    "sam_exclusion": false,
    "name": "Subsystem Technologies, Inc.",
    "number_of_employees": 100,
    "cm_email": "OASIS@subsystem.com",
    "pm_email": "tiveson@subsystem.com",
    "cm_phone": "703-504-9760",
    "sam_address": "2121 CRYSTAL DR STE 680",
    "pm_name": "Dawn Winters",
    "sam_activation_date": "2017-11-20T13:13:39Z",
    "duns_4": "1850574600000",
    "pm_phone": "703-504-9786",
    "annual_revenue": 11,
    "duns": "185057460",
    "sam_status": "ACTIVE",
    "cage": "0DP19",
    "sam_citystate": "ARLINGTON, VA 22202",
    "sam_url": "HTTP://WWW.SUBSYSTEM.COM",
    "sam_expiration_date": "2018-11-20T12:58:18Z"
  },
  "model": "vendors.vendor",
  "pk": 1483
},
{
  "fields": {
    "cm_name": "Carol Maus",
    "setasides": [],
    "sam_exclusion": false,
    "name": "Sumaria Systems, Inc.",
    "number_of_employees": 326,
    "cm_email": "OASIS-LB@Sumaria.com",
    "pm_email": "OASIS-LB@Sumaria.com",
    "cm_phone": "937-429-6070 x 118",
    "sam_address": "99 ROSEWOOD DR STE 140",
    "pm_name": "Donald Kurtz",
    "sam_activation_date": "2017-10-16T15:29:04Z",
    "duns_4": "1463896220000",
    "pm_phone": "937-429-6070 x 106",
    "annual_revenue": 33083336,
    "duns": "146389622",
    "sam_status": "ACTIVE",
    "cage": "1DV75",
    "sam_citystate": "DANVERS, MA 01923",
    "sam_url": "http://www.sumaria.com",
    "sam_expiration_date": "2018-10-16T15:12:51Z"
  },
  "model": "vendors.vendor",
  "pk": 1484
},
{
  "fields": {
    "cm_name": "John B. Hamilton",
    "setasides": [],
    "sam_exclusion": false,
    "name": "Support Systems Associates, Inc.",
    "number_of_employees": 100,
    "cm_email": "jhamilton@ssai.org",
    "pm_email": "mreynolds@ssai.org",
    "cm_phone": "321-724-5566 x 1297",
    "sam_address": "709 S HARBOR CITY BLVD STE 350",
    "pm_name": "Mike Reynolds",
    "sam_activation_date": "2017-10-10T12:29:10Z",
    "duns_4": "0680137960000",
    "pm_phone": "478-922-9987",
    "annual_revenue": 24251654,
    "duns": "068013796",
    "sam_status": "ACTIVE",
    "cage": "60877",
    "sam_citystate": "MELBOURNE, FL 32901",
    "sam_url": null,
    "sam_expiration_date": "2018-10-10T12:19:23Z"
  },
  "model": "vendors.vendor",
  "pk": 1485
},
{
  "fields": {
    "cm_name": "Earnie Leonard",
    "setasides": [
      3
    ],
    "sam_exclusion": false,
    "name": "Synectic Solutions, Inc., dba SSI",
    "number_of_employees": 0,
    "cm_email": "OASISSB@synecticsolutions.com",
    "pm_email": "ldines@synecsolu.com",
    "cm_phone": " 805-483-4800 x 101",
    "sam_address": "1701 PACIFIC AVE STE #260",
    "pm_name": "Lynn M. Dines",
    "sam_activation_date": "2017-03-22T14:26:42Z",
    "duns_4": "0159583250000",
    "pm_phone": "805-483-4800 x 121",
    "annual_revenue": 0,
    "duns": "015958325",
    "sam_status": "ACTIVE",
    "cage": "09WL9",
    "sam_citystate": "OXNARD, CA 93033",
    "sam_url": "http://www.synecsolu.com",
    "sam_expiration_date": "2018-03-22T14:06:25Z"
  },
  "model": "vendors.vendor",
  "pk": 1486
},
{
  "fields": {
    "cm_name": "Deborah Wesley",
    "setasides": [
      3
    ],
    "sam_exclusion": false,
    "name": "Tele-Consultants, Inc.",
    "number_of_employees": 50,
    "cm_email": "tcicontracts@teleinc.com",
    "pm_email": "crenshaw@teleinc.com",
    "cm_phone": "757-620-9918",
    "sam_address": "5172 W Military Hwy Bld 3 Ste B",
    "pm_name": "Curt Renshaw",
    "sam_activation_date": "2017-11-20T15:43:42Z",
    "duns_4": "1708838830000",
    "pm_phone": "404-791-6783",
    "annual_revenue": 19891508,
    "duns": "170883883",
    "sam_status": "ACTIVE",
    "cage": "588X2",
    "sam_citystate": "Chesapeake, VA 23321",
    "sam_url": "HTTP://WWW.TELEINC.COM",
    "sam_expiration_date": "2018-11-20T15:36:05Z"
  },
  "model": "vendors.vendor",
  "pk": 1487
},
{
  "fields": {
    "cm_name": "Jane Ann Hejmanowski",
    "setasides": [],
    "sam_exclusion": false,
    "name": "Vector CSP, LLC",
    "number_of_employees": 100,
    "cm_email": "OASISSB@vectorcsp.com",
    "pm_email": "OASISSB@vectorcsp.com",
    "cm_phone": "252-338-2264",
    "sam_address": "405 E MAIN ST",
    "pm_name": "Bob Burnett",
    "sam_activation_date": "2017-10-17T12:29:06Z",
    "duns_4": "1109943030000",
    "pm_phone": "410-768-5494",
    "annual_revenue": 14600000,
    "duns": "110994303",
    "sam_status": "ACTIVE",
    "cage": "3CWE7",
    "sam_citystate": "ELIZABETH CITY, NC 27909",
    "sam_url": "http://www.vectorcsp.com",
    "sam_expiration_date": "2018-10-17T12:14:55Z"
  },
  "model": "vendors.vendor",
  "pk": 1488
},
{
  "fields": {
    "cm_name": "Kay Zdon",
    "setasides": [
      15
    ],
    "sam_exclusion": false,
    "name": "X Technologies, Inc.",
    "number_of_employees": 53,
    "cm_email": "OASISSB-XTI@x-technologies.com\u00a0\u00a0",
    "pm_email": "OASISSB-XTI@x-technologies.com\u00a0\u00a0",
    "cm_phone": "210-822-8712 x 6013",
    "sam_address": "100 Sandau Ste 300",
    "pm_name": "Robert Trevino",
    "sam_activation_date": "2017-10-13T12:28:58Z",
    "duns_4": "0442715470000",
    "pm_phone": "210-822-8712 x 6028",
    "annual_revenue": 8327010,
    "duns": "044271547",
    "sam_status": "ACTIVE",
    "cage": "1JDN2",
    "sam_citystate": "San Antonio, TX 78216",
    "sam_url": "http://www.x-technologies.com",
    "sam_expiration_date": "2018-10-13T12:20:25Z"
  },
  "model": "vendors.vendor",
  "pk": 1489
},
{
  "fields": {
    "cm_name": "Susan Hughes",
    "setasides": [
      1
    ],
    "sam_exclusion": false,
    "name": "Zel Technologies, LLC",
    "number_of_employees": 200,
    "cm_email": "OASIS@zeltech.com",
    "pm_email": "OASIS@zeltech.com",
    "cm_phone": "757-325-1331",
    "sam_address": "54 OLD HAMPTON LN",
    "pm_name": "Kenneth Sherwood",
    "sam_activation_date": "2017-10-19T15:43:56Z",
    "duns_4": "8257329930000",
    "pm_phone": "757-325-1396",
    "annual_revenue": 28000000,
    "duns": "825732993",
    "sam_status": "ACTIVE",
    "cage": "0NPX4",
    "sam_citystate": "HAMPTON, VA 23669",
    "sam_url": "http://www.zeltech.com",
    "sam_expiration_date": "2018-10-19T15:28:26Z"
  },
  "model": "vendors.vendor",
  "pk": 1490
},
{
  "fields": {
    "cm_name": "Shelly Bowan",
    "setasides": [],
    "sam_exclusion": false,
    "name": "Advanced Concepts and Technologies International, LLC dba ACT-I",
    "number_of_employees": 35,
    "cm_email": "OASIS@act-i.com",
    "pm_email": "OASIS@act-i.com",
    "cm_phone": "703-418-0636",
    "sam_address": "1105 WOODED ACRES STE 500",
    "pm_name": "Jeff Earley",
    "sam_activation_date": "2017-10-11T12:13:59Z",
    "duns_4": "0080502420000",
    "pm_phone": "513-374-7381",
    "annual_revenue": 9000000,
    "duns": "008050242",
    "sam_status": "ACTIVE",
    "cage": "1C2H1",
    "sam_citystate": "WACO, TX 76710",
    "sam_url": "http://www.act-i.com",
    "sam_expiration_date": "2018-10-11T12:08:41Z"
  },
  "model": "vendors.vendor",
  "pk": 1491
},
{
  "fields": {
    "cm_name": "Ros Kadasi",
    "setasides": [],
    "sam_exclusion": false,
    "name": "Amyx, Inc.",
    "number_of_employees": 45,
    "cm_email": "rkadasi@amyx.com",
    "pm_email": "OASISBD@amyx.com",
    "cm_phone": "703-373-1984",
    "sam_address": "1768 Business Center Dr Ste 300",
    "pm_name": "Michael Kleeblatt",
    "sam_activation_date": "2017-06-30T17:14:46Z",
    "duns_4": "1367948020000",
    "pm_phone": "703-373-1163",
    "annual_revenue": 5500000,
    "duns": "136794802",
    "sam_status": "ACTIVE",
    "cage": "1QNC9",
    "sam_citystate": "Reston, VA 20190",
    "sam_url": "http://www.amyx.com",
    "sam_expiration_date": "2018-06-30T17:00:09Z"
  },
  "model": "vendors.vendor",
  "pk": 1492
},
{
  "fields": {
    "cm_name": "Tara Kainz",
    "setasides": [],
    "sam_exclusion": false,
    "name": "Analytic Strategies, LLC",
    "number_of_employees": 25,
    "cm_email": "gsa@planetrisk.com",
    "pm_email": "gsa@planetrisk.com",
    "cm_phone": "703-663-2039",
    "sam_address": "8280 Greensboro Dr Ste 700",
    "pm_name": "Denis Clements",
    "sam_activation_date": "2017-12-15T10:28:19Z",
    "duns_4": "6238760960000",
    "pm_phone": "571-248-7747",
    "annual_revenue": 3000000,
    "duns": "623876096",
    "sam_status": "ACTIVE",
    "cage": "4DZW4",
    "sam_citystate": "McLean, VA 22102",
    "sam_url": "HTTP://WWW.planetrisk.COM",
    "sam_expiration_date": "2018-12-15T09:39:17Z"
  },
  "model": "vendors.vendor",
  "pk": 1493
},
{
  "fields": {
    "cm_name": "Denise Penn",
    "setasides": [
      15
    ],
    "sam_exclusion": false,
    "name": "Apogee Engineering, LLC",
    "number_of_employees": 62,
    "cm_email": "OASISPOOL1@apogeemail.net",
    "pm_email": "OASISPOOL1@apogeemail.net",
    "cm_phone": "719-418-4968",
    "sam_address": "8610 Explorer Dr Ste 305 ",
    "pm_name": "Bobby P. Veazey",
    "sam_activation_date": "2017-11-01T18:43:47Z",
    "duns_4": "1702031990000",
    "pm_phone": "719-213-6199",
    "annual_revenue": 5686000,
    "duns": "170203199",
    "sam_status": "ACTIVE",
    "cage": "35CZ6",
    "sam_citystate": "Colorado Springs, CO 80920",
    "sam_url": "http://www.apogeeengineering.net",
    "sam_expiration_date": "2018-11-01T18:32:45Z"
  },
  "model": "vendors.vendor",
  "pk": 1494
},
{
  "fields": {
    "cm_name": "Doug Barber",
    "setasides": [],
    "sam_exclusion": false,
    "name": "BB&E, Inc.",
    "number_of_employees": 65,
    "cm_email": "OASISSB@bbande.com",
    "pm_email": "OASISSB@bbande.com",
    "cm_phone": "248-489-9636 x 301 ",
    "sam_address": "235 E Main St Ste 107 ",
    "pm_name": "Aaron Etnyre",
    "sam_activation_date": "2017-11-21T15:13:48Z",
    "duns_4": "1177552930000",
    "pm_phone": "248-489-9636 x 303",
    "annual_revenue": 11900000,
    "duns": "117755293",
    "sam_status": "ACTIVE",
    "cage": "3A3Q8",
    "sam_citystate": "Northville, MI 48167",
    "sam_url": "http://www.bbande.com",
    "sam_expiration_date": "2018-11-21T14:57:42Z"
  },
  "model": "vendors.vendor",
  "pk": 1495
},
{
  "fields": {
    "cm_name": "Jada Brink",
    "setasides": [],
    "sam_exclusion": false,
    "name": "BlueWater Federal Solutions, Inc.",
    "number_of_employees": 60,
    "cm_email": "OASISSB@bwfed.com",
    "pm_email": "emendez@bwfed.com",
    "cm_phone": "703-621-4174",
    "sam_address": "14420 Albemarle Pointe Pl Ste 200 ",
    "pm_name": "Erich Mendez",
    "sam_activation_date": "2017-04-03T10:11:41Z",
    "duns_4": "8324039480000",
    "pm_phone": "703-621-7467",
    "annual_revenue": 12261092,
    "duns": "832403948",
    "sam_status": "ACTIVE",
    "cage": "5T6A9",
    "sam_citystate": "Chantilly, VA 20151",
    "sam_url": "http://www.bwfed.com",
    "sam_expiration_date": "2018-04-03T09:58:53Z"
  },
  "model": "vendors.vendor",
  "pk": 1496
},
{
  "fields": {
    "cm_name": "Pat Saint John",
    "setasides": [
      15,
      16
    ],
    "sam_exclusion": false,
    "name": "Cherokee Nation Technologies, LLC",
    "number_of_employees": 150,
    "cm_email": "OASIS-SB@cn-bus.com",
    "pm_email": "OASIS-SB@cn-bus.com",
    "cm_phone": "210-323-4113",
    "sam_address": "777 W Cherokee St ",
    "pm_name": "Peter Harrell",
    "sam_activation_date": "2017-12-16T18:13:21Z",
    "duns_4": "8318917880000",
    "pm_phone": "703-403-4137",
    "annual_revenue": 9826784,
    "duns": "831891788",
    "sam_status": "ACTIVE",
    "cage": "5QJT3",
    "sam_citystate": "Catoosa, OK 74015",
    "sam_url": null,
    "sam_expiration_date": "2018-12-16T18:04:49Z"
  },
  "model": "vendors.vendor",
  "pk": 1497
},
{
  "fields": {
    "cm_name": "Zaina Sahady",
    "setasides": [
      3
    ],
    "sam_exclusion": false,
    "name": "Chevo Consulting, LLC",
    "number_of_employees": 39,
    "cm_email": "OASIS-Contracts@chevoconsulting.com",
    "pm_email": "OASIS-PM@chevoconsulting.com",
    "cm_phone": "301-309-0040 x 229",
    "sam_address": "2275 RESEARCH BLVD., STE 100",
    "pm_name": "Phil Sahady",
    "sam_activation_date": "2017-11-20T16:13:41Z",
    "duns_4": "1272224660000",
    "pm_phone": "301-309-0040 x 230",
    "annual_revenue": 8014380,
    "duns": "127222466",
    "sam_status": "ACTIVE",
    "cage": "3DFS9",
    "sam_citystate": "ROCKVILLE, MD 20850",
    "sam_url": "http://www.chevoconsulting.com",
    "sam_expiration_date": "2018-11-20T15:56:30Z"
  },
  "model": "vendors.vendor",
  "pk": 1498
},
{
  "fields": {
    "cm_name": "Lokesh Sayal",
    "setasides": [
      16
    ],
    "sam_exclusion": false,
    "name": "Dakota Consulting, Inc.",
    "number_of_employees": 52,
    "cm_email": "OASIS-COCM@Dakota-Consulting.com",
    "pm_email": "OASIS-COPM@Dakota-Consulting.com",
    "cm_phone": "240-206-6602",
    "sam_address": "1110 Bonifant St Ste 310",
    "pm_name": "Rakesh Gopal",
    "sam_activation_date": "2017-10-31T11:58:50Z",
    "duns_4": "1689262640000",
    "pm_phone": "240-645-0286",
    "annual_revenue": 5477455,
    "duns": "168926264",
    "sam_status": "ACTIVE",
    "cage": "33EX5",
    "sam_citystate": "Silver Spring, MD 20910",
    "sam_url": "http://www.dakota-consulting.com",
    "sam_expiration_date": "2018-10-31T11:50:10Z"
  },
  "model": "vendors.vendor",
  "pk": 1499
},
{
  "fields": {
    "cm_name": "Cheryl Cartwright",
    "setasides": [
      3
    ],
    "sam_exclusion": false,
    "name": "Eagle Ray, Inc.",
    "number_of_employees": 95,
    "cm_email": "OASISSB@eaglerayinc.com",
    "pm_email": "OASISSB@eaglerayinc.com",
    "cm_phone": "703-961-9637",
    "sam_address": "14425 Penrose Place Ste 110",
    "pm_name": "Chris Kenly",
    "sam_activation_date": "2017-08-08T10:59:29Z",
    "duns_4": "1114713500000",
    "pm_phone": "703-961-9637",
    "annual_revenue": 13500000,
    "duns": "111471350",
    "sam_status": "ACTIVE",
    "cage": "3FGA6",
    "sam_citystate": "Chantilly, VA 20151",
    "sam_url": "http://www.eaglerayinc.com",
    "sam_expiration_date": "2018-08-08T10:49:09Z"
  },
  "model": "vendors.vendor",
  "pk": 1500
},
{
  "fields": {
    "cm_name": "Hubin Jiang",
    "setasides": [],
    "sam_exclusion": false,
    "name": "Ecompex, Inc.",
    "number_of_employees": 210,
    "cm_email": "OASIS@ecompex.com",
    "pm_email": "OASIS@ecompex.com",
    "cm_phone": "703-288-3382 x 2205",
    "sam_address": "1875 CAMPUS COMMONS DR STE 210",
    "pm_name": "Jesse Lake",
    "sam_activation_date": "2017-10-13T09:43:54Z",
    "duns_4": "8396650980000",
    "pm_phone": "703-288-3382 x 2214",
    "annual_revenue": 10000000,
    "duns": "839665098",
    "sam_status": "ACTIVE",
    "cage": "1HND6",
    "sam_citystate": "RESTON, VA 20191",
    "sam_url": "http://www.ecompex.com",
    "sam_expiration_date": "2018-10-13T09:29:06Z"
  },
  "model": "vendors.vendor",
  "pk": 1501
},
{
  "fields": {
    "cm_name": "Debra Phipps",
    "setasides": [
      3,
      15,
      18
    ],
    "sam_exclusion": false,
    "name": "ELEIT Technology, Inc.",
    "number_of_employees": 94,
    "cm_email": "dphipps@eleit-tech.com",
    "pm_email": "OASISSB@eleit-tech.com",
    "cm_phone": "256-882-9290",
    "sam_address": "201 TRIANA BLVD NW",
    "pm_name": "Michael Lindsey",
    "sam_activation_date": "2017-08-22T10:29:31Z",
    "duns_4": "1600623110000",
    "pm_phone": "256-882-9290",
    "annual_revenue": 6153047,
    "duns": "160062311",
    "sam_status": "ACTIVE",
    "cage": "1DET1",
    "sam_citystate": "HUNTSVILLE, AL 35805",
    "sam_url": null,
    "sam_expiration_date": "2018-08-22T10:22:33Z"
  },
  "model": "vendors.vendor",
  "pk": 1502
},
{
  "fields": {
    "cm_name": "Patrick T. Samsel, Esq.",
    "setasides": [],
    "sam_exclusion": false,
    "name": "Fors Marsh Group, LLC",
    "number_of_employees": 69,
    "cm_email": "OASISSB@forsmarshgroup.com",
    "pm_email": "OASISSB@forsmarshgroup.com",
    "cm_phone": "571-303-2895",
    "sam_address": "1010 N. GLEBE RD, STE 510",
    "pm_name": "Ben Garthwaite",
    "sam_activation_date": "2017-10-23T14:30:09Z",
    "duns_4": "1298426670000",
    "pm_phone": "571-858-3799",
    "annual_revenue": 14550321,
    "duns": "129842667",
    "sam_status": "ACTIVE",
    "cage": "360C2",
    "sam_citystate": "ARLINGTON, VA 22201",
    "sam_url": "http://www.forsmarshgroup.com",
    "sam_expiration_date": "2018-10-23T14:22:23Z"
  },
  "model": "vendors.vendor",
  "pk": 1503
},
{
  "fields": {
    "cm_name": "Sanjeev Hirani",
    "setasides": [
      15,
      16
    ],
    "sam_exclusion": false,
    "name": "Ikun, LLC",
    "number_of_employees": 95,
    "cm_email": "Sanjeev.Hirani@Akima.com",
    "pm_email": "GSA-OASIS@ikun.com",
    "cm_phone": "703-766-6260",
    "sam_address": "13873 Park Center Rd Ste 400N",
    "pm_name": "Joanne O'Leary",
    "sam_activation_date": "2017-08-03T16:14:36Z",
    "duns_4": "7869977390000",
    "pm_phone": "571-482-5347",
    "annual_revenue": 11595009,
    "duns": "786997739",
    "sam_status": "ACTIVE",
    "cage": "4UYY6",
    "sam_citystate": "Herndon, VA 20171",
    "sam_url": "http://www.ikun.com/",
    "sam_expiration_date": "2018-08-03T15:55:31Z"
  },
  "model": "vendors.vendor",
  "pk": 1504
},
{
  "fields": {
    "cm_name": "Shkan Woodruff",
    "setasides": [
      1,
      2,
      15,
      16
    ],
    "sam_exclusion": false,
    "name": "Infinity Technology, LLC",
    "number_of_employees": 25,
    "cm_email": "OASIS@itllc.com",
    "pm_email": "OASIS@itllc.com",
    "cm_phone": "571-765-4776",
    "sam_address": "7930 JONES BRANCH DR STE 800",
    "pm_name": "LeRoy Burney",
    "sam_activation_date": "2017-10-09T17:58:56Z",
    "duns_4": "1980248090000",
    "pm_phone": "571-765-4721",
    "annual_revenue": 2500000,
    "duns": "198024809",
    "sam_status": "ACTIVE",
    "cage": "39AM6",
    "sam_citystate": "MCLEAN, VA 22102",
    "sam_url": null,
    "sam_expiration_date": "2018-10-09T17:40:27Z"
  },
  "model": "vendors.vendor",
  "pk": 1505
},
{
  "fields": {
    "cm_name": "Mary Anderson",
    "setasides": [
      3
    ],
    "sam_exclusion": false,
    "name": "Insight Technology Solutions, Inc.",
    "number_of_employees": 55,
    "cm_email": "OASISSB@insighttsi.com",
    "pm_email": "OASISSB@insighttsi.com",
    "cm_phone": "301-860-1121 x 110",
    "sam_address": "17251 Melford Blvd Ste 100",
    "pm_name": "Patrick Crovo",
    "sam_activation_date": "2017-05-31T09:59:55Z",
    "duns_4": "0523116070000",
    "pm_phone": "301-860-1121 x 106",
    "annual_revenue": 4645150,
    "duns": "052311607",
    "sam_status": "ACTIVE",
    "cage": "3A3N2",
    "sam_citystate": "Bowie, MD 20715",
    "sam_url": "http://www.insighttsi.com",
    "sam_expiration_date": "2018-05-31T09:15:06Z"
  },
  "model": "vendors.vendor",
  "pk": 1506
},
{
  "fields": {
    "cm_name": "John Kitchings",
    "setasides": [
      3,
      15
    ],
    "sam_exclusion": false,
    "name": "Integral Consulting Services, Inc.",
    "number_of_employees": 170,
    "cm_email": "OASIS@e2zintegral.com",
    "pm_email": "OASIS@e2zintegral.com",
    "cm_phone": "240-907-2585",
    "sam_address": "2101 Gaither Rd Ste 410",
    "pm_name": "Craig Goodman",
    "sam_activation_date": "2017-10-16T14:58:51Z",
    "duns_4": "0181936690000",
    "pm_phone": "240-907-2565",
    "annual_revenue": 17500000,
    "duns": "018193669",
    "sam_status": "ACTIVE",
    "cage": "3DSD9",
    "sam_citystate": "Rockville, MD 20850",
    "sam_url": "http://www.e2zintegral.com",
    "sam_expiration_date": "2018-09-29T19:04:03Z"
  },
  "model": "vendors.vendor",
  "pk": 1507
},
{
  "fields": {
    "cm_name": "Erfan Kabir",
    "setasides": [],
    "sam_exclusion": false,
    "name": "International Business & Technical Consultants, Inc.",
    "number_of_employees": 30,
    "cm_email": "ekabir@ibtci.com",
    "pm_email": "BD.OASIS@ibtci.com",
    "cm_phone": "703-749-0100 x 244",
    "sam_address": "8618 WESTWOOD CENTER DR STE 400 ",
    "pm_name": "Ajay S. Kalotra",
    "sam_activation_date": "2017-11-17T10:44:03Z",
    "duns_4": "6113905920000",
    "pm_phone": "703-749-0100 x 234",
    "annual_revenue": 7600000,
    "duns": "611390592",
    "sam_status": "ACTIVE",
    "cage": "1UFC6",
    "sam_citystate": "VIENNA, VA 22182",
    "sam_url": "http://www.ibtci.com",
    "sam_expiration_date": "2018-11-17T10:34:00Z"
  },
  "model": "vendors.vendor",
  "pk": 1508
},
{
  "fields": {
    "cm_name": "Michael Carlson",
    "setasides": [
      1,
      2,
      15,
      16
    ],
    "sam_exclusion": false,
    "name": "ITA International, LLC",
    "number_of_employees": 104,
    "cm_email": "mcarlson@ita-intl.com",
    "pm_email": "ITA-OASIS@ita-intl.com",
    "cm_phone": "757-246-6781",
    "sam_address": "111 Cybernetics Way Ste 112",
    "pm_name": "Katelyn Melo",
    "sam_activation_date": "2017-03-23T17:16:25Z",
    "duns_4": "7995823790000",
    "pm_phone": "757-303-1500",
    "annual_revenue": 12696337,
    "duns": "799582379",
    "sam_status": "ACTIVE",
    "cage": "1TC80",
    "sam_citystate": "Yorktown, VA 23693",
    "sam_url": null,
    "sam_expiration_date": "2018-03-23T16:27:29Z"
  },
  "model": "vendors.vendor",
  "pk": 1509
},
{
  "fields": {
    "cm_name": "Haydn Hislop",
    "setasides": [
      1,
      2
    ],
    "sam_exclusion": false,
    "name": "Loch Harbour Group, Inc.",
    "number_of_employees": 16,
    "cm_email": "OASISSB@lochharbour.com",
    "pm_email": "OASISSB@lochharbour.com",
    "cm_phone": "703-642-2380",
    "sam_address": "6121 Lincolnia Rd Ste 400",
    "pm_name": "William A Davis",
    "sam_activation_date": "2017-11-29T18:28:33Z",
    "duns_4": "0097571880000",
    "pm_phone": "703-642-2380",
    "annual_revenue": 1200000,
    "duns": "009757188",
    "sam_status": "ACTIVE",
    "cage": "07QZ5",
    "sam_citystate": "Alexandria, VA 22312",
    "sam_url": "http://www.lochharbour.com/",
    "sam_expiration_date": "2018-11-29T18:09:02Z"
  },
  "model": "vendors.vendor",
  "pk": 1510
},
{
  "fields": {
    "cm_name": "Monika Deja",
    "setasides": [
      15
    ],
    "sam_exclusion": false,
    "name": "Management Solutions, Inc., dba  MSI Universal",
    "number_of_employees": 42,
    "cm_email": "OASIS@msiuniversal.com",
    "pm_email": "OASIS@msiuniversal.com",
    "cm_phone": "301-728-2988",
    "sam_address": "101 Lakeforest Blvd Ste 320",
    "pm_name": "Pavitr Juneja",
    "sam_activation_date": "2017-10-31T13:28:56Z",
    "duns_4": "1365816700000",
    "pm_phone": "732-614-4455",
    "annual_revenue": 4641406,
    "duns": "136581670",
    "sam_status": "ACTIVE",
    "cage": "3R5L0",
    "sam_citystate": "Gaithersburg, MD 20877",
    "sam_url": "http://www.msiuniversal.com",
    "sam_expiration_date": "2018-10-31T12:44:23Z"
  },
  "model": "vendors.vendor",
  "pk": 1511
},
{
  "fields": {
    "cm_name": "Bill Carney",
    "setasides": [
      1,
      18
    ],
    "sam_exclusion": false,
    "name": "McManis Associates Inc., dba McManis & Monslave Associates",
    "number_of_employees": 103,
    "cm_email": "OASIS@mcmanis-monsalve.com",
    "pm_email": "OASIS@mcmanis-monsalve.com",
    "cm_phone": "814-454-4000",
    "sam_address": "100 State St Ste 103 ",
    "pm_name": "Darryl Lawton",
    "sam_activation_date": "2017-05-01T11:48:20Z",
    "duns_4": "0726374570000",
    "pm_phone": "814-454-4000",
    "annual_revenue": 5831106,
    "duns": "072637457",
    "sam_status": "ACTIVE",
    "cage": "50EC8",
    "sam_citystate": "Erie, PA 16507",
    "sam_url": "http://www.mcmanis-monsalve.com",
    "sam_expiration_date": "2018-05-01T11:35:09Z"
  },
  "model": "vendors.vendor",
  "pk": 1512
},
{
  "fields": {
    "cm_name": "Dave Scali",
    "setasides": [
      1,
      2
    ],
    "sam_exclusion": false,
    "name": "Micro Systems Consultants, dba MicroSystems Automation Group",
    "number_of_employees": 40,
    "cm_email": "dscali@msag.net",
    "pm_email": "lvalentini@msag.net",
    "cm_phone": "617-680-2368",
    "sam_address": "2785 Hartland Rd ",
    "pm_name": "Luigi Valentini",
    "sam_activation_date": "2017-10-13T10:29:00Z",
    "duns_4": "6087409570000",
    "pm_phone": "703-538-0807 x 107",
    "annual_revenue": 4000000,
    "duns": "608740957",
    "sam_status": "ACTIVE",
    "cage": "1JDJ9",
    "sam_citystate": "FALLS CHURCH, VA 22043",
    "sam_url": "http://www.msag.net",
    "sam_expiration_date": "2018-10-13T10:19:36Z"
  },
  "model": "vendors.vendor",
  "pk": 1513
},
{
  "fields": {
    "cm_name": "Sandesh Sharda",
    "setasides": [
      15,
      16
    ],
    "sam_exclusion": false,
    "name": "Miracle Systems, LLC",
    "number_of_employees": 110,
    "cm_email": "ssharda@miraclesystems.net",
    "pm_email": "dstack@miraclesystems.net",
    "cm_phone": "571-331-1355",
    "sam_address": "1621 N Kent Street Suite 1000",
    "pm_name": "David Stack",
    "sam_activation_date": "2017-07-27T09:09:28Z",
    "duns_4": "1332393970000",
    "pm_phone": "937-673-6754",
    "annual_revenue": 12000000,
    "duns": "133239397",
    "sam_status": "ACTIVE",
    "cage": "8ASY4",
    "sam_citystate": "Arlington, VA 22209",
    "sam_url": "http://www.miraclesystems.net",
    "sam_expiration_date": "2018-07-27T08:29:48Z"
  },
  "model": "vendors.vendor",
  "pk": 1514
},
{
  "fields": {
    "cm_name": "LaTonia Gilkey",
    "setasides": [
      1,
      15,
      16
    ],
    "sam_exclusion": false,
    "name": "Mosaic Technologies Group, Inc.",
    "number_of_employees": 80,
    "cm_email": "contracts@mosaicsgroup.com",
    "pm_email": "mgrier@mosaicsgroup.com",
    "cm_phone": "240-459-1335",
    "sam_address": "8135 Maple Lawn Blvd Ste 450",
    "pm_name": "Michael T. Grier",
    "sam_activation_date": "2017-11-28T15:58:30Z",
    "duns_4": "1829350020000",
    "pm_phone": "240-459-1321",
    "annual_revenue": 5750000,
    "duns": "182935002",
    "sam_status": "ACTIVE",
    "cage": "357X1",
    "sam_citystate": "Fulton, MD 20759",
    "sam_url": "http://www.mosaicsgroup.com",
    "sam_expiration_date": "2018-11-28T15:17:13Z"
  },
  "model": "vendors.vendor",
  "pk": 1515
},
{
  "fields": {
    "cm_name": "Jasmine Feeney",
    "setasides": [],
    "sam_exclusion": null,
    "name": "OBXtek, Inc.",
    "number_of_employees": 42,
    "cm_email": "OASIS@obxtek.com",
    "pm_email": "OASIS@obxtek.com",
    "cm_phone": "571-395-4542",
    "sam_address": null,
    "pm_name": "Tim Pleus",
    "sam_activation_date": null,
    "duns_4": "8303416450000",
    "pm_phone": "571-395-4540",
    "annual_revenue": 3200000,
    "duns": "830341645",
    "sam_status": null,
    "cage": null,
    "sam_citystate": null,
    "sam_url": null,
    "sam_expiration_date": null
  },
  "model": "vendors.vendor",
  "pk": 1516
},
{
  "fields": {
    "cm_name": "Daniel (Bill) Hinkle",
    "setasides": [
      3,
      15,
      16
    ],
    "sam_exclusion": false,
    "name": "Panum Telecom, LLC, dba Panum Group, LLC",
    "number_of_employees": 25,
    "cm_email": "OASIS@panum.com",
    "pm_email": "OASIS@panum.com",
    "cm_phone": "703-731-2240",
    "sam_address": "7315 Wisconsin Ave 800 W ",
    "pm_name": "Patricia Palmer",
    "sam_activation_date": "2017-09-04T20:44:08Z",
    "duns_4": "0174333480000",
    "pm_phone": "240-294-6484",
    "annual_revenue": 2734786,
    "duns": "017433348",
    "sam_status": "ACTIVE",
    "cage": "35EU5",
    "sam_citystate": "Bethesda, MD 20814",
    "sam_url": "http://www.panum.com",
    "sam_expiration_date": "2018-09-04T20:26:33Z"
  },
  "model": "vendors.vendor",
  "pk": 1517
},
{
  "fields": {
    "cm_name": "Jennifer Harris",
    "setasides": [
      3
    ],
    "sam_exclusion": false,
    "name": "PotomacWave Consulting, Inc.",
    "number_of_employees": 41,
    "cm_email": "OASIS@potomacwave.com",
    "pm_email": "OASIS@potomacwave.com",
    "cm_phone": "703-963-5064",
    "sam_address": "44 Canal Ctr Plz Ste 410",
    "pm_name": "Emma Sopko",
    "sam_activation_date": "2017-05-16T11:00:03Z",
    "duns_4": "8090191800000",
    "pm_phone": "703-623-5144",
    "annual_revenue": 11117333,
    "duns": "809019180",
    "sam_status": "ACTIVE",
    "cage": "4YAG9",
    "sam_citystate": "Alexandria, VA 22314",
    "sam_url": null,
    "sam_expiration_date": "2018-05-16T10:23:12Z"
  },
  "model": "vendors.vendor",
  "pk": 1518
},
{
  "fields": {
    "cm_name": "Chris Hall",
    "setasides": [],
    "sam_exclusion": false,
    "name": "Sev1tech Inc.",
    "number_of_employees": 50,
    "cm_email": "OASISPOOL1@sev1tech.com",
    "pm_email": "OASISPOOL1@sev1tech.com",
    "cm_phone": "703-229-2143",
    "sam_address": "12700 Black Forest Ln Ste 306 ",
    "pm_name": "Brian McIntyre",
    "sam_activation_date": "2017-10-20T14:58:58Z",
    "duns_4": "9621212860000",
    "pm_phone": "571-409-4167",
    "annual_revenue": 6000000,
    "duns": "962121286",
    "sam_status": "ACTIVE",
    "cage": "5YMU1",
    "sam_citystate": "Woodbridge, VA 22192",
    "sam_url": "http://www.sev1tech.com",
    "sam_expiration_date": "2018-10-20T14:53:00Z"
  },
  "model": "vendors.vendor",
  "pk": 1519
},
{
  "fields": {
    "cm_name": "Charles A. Colon,  III",
    "setasides": [
      15,
      16
    ],
    "sam_exclusion": false,
    "name": "Solutions Through Innovative Technologies, Inc., dba STI Technologies",
    "number_of_employees": 75,
    "cm_email": "OASISSB@sti-tec.com",
    "pm_email": "OASISSB@sti-tec.com",
    "cm_phone": "937-431-0000",
    "sam_address": "3152 PRESIDENTIAL DR ",
    "pm_name": "Charles A. Colon,  III",
    "sam_activation_date": "2017-11-09T15:43:43Z",
    "duns_4": "0035924120000",
    "pm_phone": "937-431-0000",
    "annual_revenue": 8025343,
    "duns": "003592412",
    "sam_status": "ACTIVE",
    "cage": "3EMZ0",
    "sam_citystate": "FAIRBORN, OH 45324",
    "sam_url": "http://www.sti-tec.com",
    "sam_expiration_date": "2018-11-09T15:31:42Z"
  },
  "model": "vendors.vendor",
  "pk": 1520
},
{
  "fields": {
    "cm_name": "Tingting Zheng",
    "setasides": [],
    "sam_exclusion": false,
    "name": "Systems Plus, Inc.",
    "number_of_employees": 110,
    "cm_email": "contract@sysplus.com",
    "pm_email": "OASISSB@sysplus.com",
    "cm_phone": "301-948-4232",
    "sam_address": "One Research Ct Ste 360 ",
    "pm_name": "Lin Sai",
    "sam_activation_date": "2017-10-31T11:44:24Z",
    "duns_4": "6111968900000",
    "pm_phone": "301-948-4232",
    "annual_revenue": 7100000,
    "duns": "611196890",
    "sam_status": "ACTIVE",
    "cage": "0P8J0",
    "sam_citystate": "Rockville, MD 20850",
    "sam_url": "http://www.sysplus.com/",
    "sam_expiration_date": "2018-10-31T11:28:48Z"
  },
  "model": "vendors.vendor",
  "pk": 1521
},
{
  "fields": {
    "cm_name": "Debra West",
    "setasides": [
      3,
      15,
      16
    ],
    "sam_exclusion": false,
    "name": "T3W Business Solutions, Inc.",
    "number_of_employees": 15,
    "cm_email": "dwest@t3w.com",
    "pm_email": "lcarman@t3w.com",
    "cm_phone": "619-298-0888",
    "sam_address": "3921 Ampudia St",
    "pm_name": "Lisa Carman",
    "sam_activation_date": "2017-10-10T18:43:58Z",
    "duns_4": "6009857380000",
    "pm_phone": "619-298-0888",
    "annual_revenue": 750000,
    "duns": "600985738",
    "sam_status": "ACTIVE",
    "cage": "42HP2",
    "sam_citystate": "San Diego, CA 92110",
    "sam_url": "http://www.T3W.com",
    "sam_expiration_date": "2018-10-10T18:28:44Z"
  },
  "model": "vendors.vendor",
  "pk": 1522
},
{
  "fields": {
    "cm_name": "Bryce Skinn",
    "setasides": [],
    "sam_exclusion": false,
    "name": "Applied Research Solutions, Inc.",
    "number_of_employees": 70,
    "cm_email": "bskinn@appliedres.com",
    "pm_email": "gwittlinger@appliedres.com",
    "cm_phone": "937-912-6115",
    "sam_address": "51 Plum St Ste 240 ",
    "pm_name": "Gary Wittlinger",
    "sam_activation_date": "2017-10-16T16:28:58Z",
    "duns_4": "8079903820000",
    "pm_phone": "937-912-6102",
    "annual_revenue": 8400000,
    "duns": "807990382",
    "sam_status": "ACTIVE",
    "cage": "4YHD4",
    "sam_citystate": "Beavercreek, OH 45440",
    "sam_url": null,
    "sam_expiration_date": "2018-10-16T16:09:22Z"
  },
  "model": "vendors.vendor",
  "pk": 1523
},
{
  "fields": {
    "cm_name": "Mary Dickens",
    "setasides": [
      1,
      2
    ],
    "sam_exclusion": false,
    "name": "COLSA Corporation",
    "number_of_employees": 0,
    "cm_email": "COLSAOASIS@colsa.com",
    "pm_email": "sgilson@colsa.com",
    "cm_phone": "256-964-5213",
    "sam_address": "6728 Odyssey Dr",
    "pm_name": "Scott E. Gilson",
    "sam_activation_date": "2017-10-16T17:14:00Z",
    "duns_4": "1020673780000",
    "pm_phone": "719-799-4845",
    "annual_revenue": 0,
    "duns": "102067378",
    "sam_status": "ACTIVE",
    "cage": "4U825",
    "sam_citystate": "Huntsville, AL 35806",
    "sam_url": "http://www.colsa.com",
    "sam_expiration_date": "2018-10-16T17:06:31Z"
  },
  "model": "vendors.vendor",
  "pk": 1524
},
{
  "fields": {
    "cm_name": "Dana Ho",
    "setasides": [
      1
    ],
    "sam_exclusion": false,
    "name": "Decisive Analytics Corporation",
    "number_of_employees": 160,
    "cm_email": "Dana.Ho@dac.us",
    "pm_email": "Shawn.Shanley@dac.us",
    "cm_phone": "703-414-5016",
    "sam_address": "1400 Crystal Dr Suite 1400 ",
    "pm_name": "Shawn Shanley",
    "sam_activation_date": "2017-12-15T12:43:32Z",
    "duns_4": "0365934570000",
    "pm_phone": "703-682-0751",
    "annual_revenue": 40000000,
    "duns": "036593457",
    "sam_status": "ACTIVE",
    "cage": "06CT8",
    "sam_citystate": "Arlington, VA 22202",
    "sam_url": "http://www.dac.us",
    "sam_expiration_date": "2018-12-15T12:28:14Z"
  },
  "model": "vendors.vendor",
  "pk": 1525
},
{
  "fields": {
    "cm_name": "Sheryle Tayloe",
    "setasides": [],
    "sam_exclusion": false,
    "name": "Fulcrum IT Services, LLC",
    "number_of_employees": 98,
    "cm_email": "OASIS-SB@FulcrumCO.com",
    "pm_email": "OASIS-SB@FulcrumCO.com        ",
    "cm_phone": "703-543-2894",
    "sam_address": "5870 TRINITY PARKWAY STE 400",
    "pm_name": "Ken Diller",
    "sam_activation_date": "2017-10-13T18:13:55Z",
    "duns_4": "0483823860000",
    "pm_phone": "703-543-2788",
    "annual_revenue": 65,
    "duns": "048382386",
    "sam_status": "ACTIVE",
    "cage": "0E1B6",
    "sam_citystate": "CENTREVILLE, VA 20120",
    "sam_url": "HTTP://WWW.FULCRUMCO.COM",
    "sam_expiration_date": "2018-10-13T18:02:50Z"
  },
  "model": "vendors.vendor",
  "pk": 1526
},
{
  "fields": {
    "cm_name": "Todd Burkhardt",
    "setasides": [
      3,
      1,
      2,
      15,
      16
    ],
    "sam_exclusion": false,
    "name": "HX5, LLC",
    "number_of_employees": 281,
    "cm_email": "Todd.Burkhardt@hxfive.com",
    "pm_email": "Michael.Gendron@hxfive.com",
    "cm_phone": "850-362-6551",
    "sam_address": "212 Eglin Pkwy SE ",
    "pm_name": "Michael Gendron",
    "sam_activation_date": "2017-10-13T14:59:02Z",
    "duns_4": "7818410800000",
    "pm_phone": "850-362-6551",
    "annual_revenue": 42193736,
    "duns": "781841080",
    "sam_status": "ACTIVE",
    "cage": "4VMT5",
    "sam_citystate": "Fort Walton Beach, FL 32548",
    "sam_url": "http://www.hxfive.com",
    "sam_expiration_date": "2018-10-13T14:51:28Z"
  },
  "model": "vendors.vendor",
  "pk": 1527
},
{
  "fields": {
    "cm_name": "Michael Starling",
    "setasides": [],
    "sam_exclusion": false,
    "name": "Intrepid, LLC",
    "number_of_employees": 977,
    "cm_email": "OASIS@intrepidinc.com",
    "pm_email": "OASIS@intrepidinc.com",
    "cm_phone": "256-705-6830",
    "sam_address": "360 B Quality Cir NW Ste 250",
    "pm_name": "Shannan Starling",
    "sam_activation_date": "2017-11-07T17:58:47Z",
    "duns_4": "1365782620000",
    "pm_phone": "256-705-6827",
    "annual_revenue": 225541664,
    "duns": "136578262",
    "sam_status": "ACTIVE",
    "cage": "1VDA4",
    "sam_citystate": "Huntsville, AL 35806",
    "sam_url": null,
    "sam_expiration_date": "2018-11-07T17:45:56Z"
  },
  "model": "vendors.vendor",
  "pk": 1528
},
{
  "fields": {
    "cm_name": "Lauren Magnusson",
    "setasides": [],
    "sam_exclusion": false,
    "name": "Intuitive Research and Technology Corporation",
    "number_of_employees": 108,
    "cm_email": "OASIS@irtc-hq.com",
    "pm_email": "OASIS@irtc-hq.com",
    "cm_phone": "256-922-9300  x 1175",
    "sam_address": "5030 BRADFORD DR NW STE 205",
    "pm_name": "Carrie Lewis",
    "sam_activation_date": "2017-12-14T09:58:24Z",
    "duns_4": "0349649450000",
    "pm_phone": "256-922-9300  x 1133",
    "annual_revenue": 13283818,
    "duns": "034964945",
    "sam_status": "ACTIVE",
    "cage": "1MQC1",
    "sam_citystate": "HUNTSVILLE, AL 35805",
    "sam_url": "http://www.irtc-hq.com",
    "sam_expiration_date": "2018-12-14T09:47:34Z"
  },
  "model": "vendors.vendor",
  "pk": 1529
},
{
  "fields": {
    "cm_name": "Lawrence Lam",
    "setasides": [],
    "sam_exclusion": false,
    "name": "MCR Federal, LLC",
    "number_of_employees": 750,
    "cm_email": "OASIS.COCM@mcri.com",
    "pm_email": "OASIS.COPM@mcri.com",
    "cm_phone": "703-740-2237",
    "sam_address": "2010 CORPORATE RDG STE 350",
    "pm_name": "Debra Lehman",
    "sam_activation_date": "2017-10-16T11:29:07Z",
    "duns_4": "0285096560000",
    "pm_phone": "703-740-2238",
    "annual_revenue": 110000000,
    "duns": "028509656",
    "sam_status": "ACTIVE",
    "cage": "0GYV7",
    "sam_citystate": "MCLEAN, VA 22102",
    "sam_url": "http://www.mcri.com",
    "sam_expiration_date": "2018-10-16T11:20:43Z"
  },
  "model": "vendors.vendor",
  "pk": 1530
},
{
  "fields": {
    "cm_name": "Suzanne Carter",
    "setasides": [
      1,
      2
    ],
    "sam_exclusion": false,
    "name": "MEI Technologies, Inc.",
    "number_of_employees": 0,
    "cm_email": "OASIS@meitechinc.com",
    "pm_email": "OASIS@meitechinc.com",
    "cm_phone": "281-823-6238",
    "sam_address": "18050 Saturn Lane Ste 300",
    "pm_name": "Ed Emig",
    "sam_activation_date": "2017-11-03T16:13:54Z",
    "duns_4": "8591456580000",
    "pm_phone": "281-823-6223",
    "annual_revenue": 0,
    "duns": "859145658",
    "sam_status": "ACTIVE",
    "cage": "0XBY6",
    "sam_citystate": "Houston, TX 77058",
    "sam_url": "http://www.meitechinc.com",
    "sam_expiration_date": "2018-11-03T15:57:24Z"
  },
  "model": "vendors.vendor",
  "pk": 1531
},
{
  "fields": {
    "cm_name": "Joseph Dooley",
    "setasides": [],
    "sam_exclusion": false,
    "name": "Modern Technology Solutions, Inc. dba MTSI",
    "number_of_employees": 371,
    "cm_email": "OASIS@mtsi-va.com",
    "pm_email": "OASIS@mtsi-va.com",
    "cm_phone": "703-564-3810",
    "sam_address": "5285 Shawnee Rd Ste 400",
    "pm_name": "Patrick Byrne",
    "sam_activation_date": "2017-11-30T11:08:29Z",
    "duns_4": "8074546400000",
    "pm_phone": "703-564-3869",
    "annual_revenue": 46831848,
    "duns": "807454640",
    "sam_status": "ACTIVE",
    "cage": "0X988",
    "sam_citystate": "Alexandria, VA 22312",
    "sam_url": "http://www.mtsi-va.com",
    "sam_expiration_date": "2018-11-30T10:36:39Z"
  },
  "model": "vendors.vendor",
  "pk": 1532
},
{
  "fields": {
    "cm_name": "William (Doug) Cooper",
    "setasides": [
      1,
      2
    ],
    "sam_exclusion": false,
    "name": "PE Systems, Inc.",
    "number_of_employees": 0,
    "cm_email": "OASIS@pesystems.com",
    "pm_email": "OASIS@pesystems.com",
    "cm_phone": "703-246-9771",
    "sam_address": "10201 FAIRFAX BLVD STE 400",
    "pm_name": "David M. Zivich",
    "sam_activation_date": "2017-11-13T15:13:54Z",
    "duns_4": "8677969890000",
    "pm_phone": "703-246-9664",
    "annual_revenue": 0,
    "duns": "867796989",
    "sam_status": "ACTIVE",
    "cage": "5H249",
    "sam_citystate": "FAIRFAX, VA 22030",
    "sam_url": "http://www.pesystems.com",
    "sam_expiration_date": "2018-11-13T14:54:12Z"
  },
  "model": "vendors.vendor",
  "pk": 1533
},
{
  "fields": {
    "cm_name": "Robert H. Materna",
    "setasides": [],
    "sam_exclusion": false,
    "name": "Quantech Services, Inc.",
    "number_of_employees": 115,
    "cm_email": "QUANTECH-C-OASIS@quantechserv.com",
    "pm_email": "QUANTECH-C-OASIS@quantechserv.com",
    "cm_phone": "781-457-0330",
    "sam_address": "91 Hartwell Ave 3rd Fl",
    "pm_name": "Jarad Morehouse",
    "sam_activation_date": "2017-06-29T11:44:57Z",
    "duns_4": "0576448870000",
    "pm_phone": "719-640-8075",
    "annual_revenue": 14,
    "duns": "057644887",
    "sam_status": "ACTIVE",
    "cage": "1KKR5",
    "sam_citystate": "Lexington, MA 02421",
    "sam_url": "http://www.quantechserv.com",
    "sam_expiration_date": "2018-06-29T11:29:56Z"
  },
  "model": "vendors.vendor",
  "pk": 1534
},
{
  "fields": {
    "cm_name": "Victor D. Balch",
    "setasides": [],
    "sam_exclusion": false,
    "name": "Radiance Technologies, Inc.",
    "number_of_employees": 391,
    "cm_email": "OASIS@radiancetech.com",
    "pm_email": "OASIS@radiancetech.com",
    "cm_phone": "256-489-8966",
    "sam_address": "350 Wynn Dr NW",
    "pm_name": "David Diaddario",
    "sam_activation_date": "2017-11-27T16:43:39Z",
    "duns_4": "0319942180000",
    "pm_phone": "256-325-7859",
    "annual_revenue": 77545632,
    "duns": "031994218",
    "sam_status": "ACTIVE",
    "cage": "1H1J5",
    "sam_citystate": "Huntsville, AL 35805",
    "sam_url": "http://www.radiancetech.com",
    "sam_expiration_date": "2018-11-27T16:35:41Z"
  },
  "model": "vendors.vendor",
  "pk": 1535
},
{
  "fields": {
    "cm_name": "Chuck Stidham",
    "setasides": [
      15
    ],
    "sam_exclusion": false,
    "name": "Sierra Lobo, Inc.",
    "number_of_employees": 220,
    "cm_email": "OASIS@sierralobo.com",
    "pm_email": "OASIS@sierralobo.com",
    "cm_phone": "419-499-9653 x 151",
    "sam_address": "102 Pinnacle Dr ",
    "pm_name": "Steve Kihara",
    "sam_activation_date": "2017-10-18T13:43:56Z",
    "duns_4": "9282989830000",
    "pm_phone": "408-807-4397",
    "annual_revenue": 8237350,
    "duns": "928298983",
    "sam_status": "ACTIVE",
    "cage": "01HY9",
    "sam_citystate": "Fremont, OH 43420",
    "sam_url": null,
    "sam_expiration_date": "2018-10-18T13:35:32Z"
  },
  "model": "vendors.vendor",
  "pk": 1536
},
{
  "fields": {
    "cm_name": "Jackie Hicks",
    "setasides": [],
    "sam_exclusion": false,
    "name": "Sigmatech, Inc.",
    "number_of_employees": 89,
    "cm_email": "Jackie.Hicks@sigmatech.com",
    "pm_email": "OASISMANAGEMENT@sigmatech.com",
    "cm_phone": " 256-319-9212",
    "sam_address": "4901 CORPORATE DR NW STE C",
    "pm_name": "Mark Arn",
    "sam_activation_date": "2017-10-12T16:28:59Z",
    "duns_4": "1934608390000",
    "pm_phone": " 256-319-9283",
    "annual_revenue": 12,
    "duns": "193460839",
    "sam_status": "ACTIVE",
    "cage": "69572",
    "sam_citystate": "HUNTSVILLE, AL 35805",
    "sam_url": "http://www.sigmatech.com",
    "sam_expiration_date": "2018-10-12T16:10:06Z"
  },
  "model": "vendors.vendor",
  "pk": 1537
},
{
  "fields": {
    "cm_name": "Crystal Clark",
    "setasides": [
      1
    ],
    "sam_exclusion": false,
    "name": "Spectrum Comm, Inc.",
    "number_of_employees": 213,
    "cm_email": "OASIS@sptrm.com",
    "pm_email": "OASIS@sptrm.com",
    "cm_phone": "757-224-7500 x 5537",
    "sam_address": "1 BAYPORT WAY STE 300",
    "pm_name": "Tim Moon",
    "sam_activation_date": "2017-10-12T15:59:01Z",
    "duns_4": "7992645310000",
    "pm_phone": "757-224-7500 x 5531",
    "annual_revenue": 14617304,
    "duns": "799264531",
    "sam_status": "ACTIVE",
    "cage": "1LXY1",
    "sam_citystate": "NEWPORT NEWS, VA 23606",
    "sam_url": "http://www.sptrm.com",
    "sam_expiration_date": "2018-10-12T15:44:26Z"
  },
  "model": "vendors.vendor",
  "pk": 1538
},
{
  "fields": {
    "cm_name": "Kathleen Mietus",
    "setasides": [],
    "sam_exclusion": false,
    "name": "SURVICE Engineering Company, LLC, The",
    "number_of_employees": 275,
    "cm_email": "OASIS@survice.com",
    "pm_email": "OASIS@survice.com",
    "cm_phone": "410-273-7722 x 213",
    "sam_address": "4695 MILLENNIUM DR",
    "pm_name": "Jordan Matthews",
    "sam_activation_date": "2017-11-07T10:29:04Z",
    "duns_4": "0354146970000",
    "pm_phone": "410-273-7722 x 226",
    "annual_revenue": 32000000,
    "duns": "035414697",
    "sam_status": "ACTIVE",
    "cage": "7T988",
    "sam_citystate": "BELCAMP, MD 21017",
    "sam_url": null,
    "sam_expiration_date": "2018-11-07T10:09:14Z"
  },
  "model": "vendors.vendor",
  "pk": 1539
},
{
  "fields": {
    "cm_name": "Elizabeth Hawes",
    "setasides": [],
    "sam_exclusion": false,
    "name": "Tecolote Research, Inc.",
    "number_of_employees": 427,
    "cm_email": "ehawes@tecolote.com",
    "pm_email": "ghigdon@tecolote.com",
    "cm_phone": "805-571-6366 x 126",
    "sam_address": "420 S FAIRVIEW AVE STE 201",
    "pm_name": "Greg Higdon",
    "sam_activation_date": "2017-11-03T16:13:55Z",
    "duns_4": "0741081760000",
    "pm_phone": "703-414-3290 x 3105",
    "annual_revenue": 49930048,
    "duns": "074108176",
    "sam_status": "ACTIVE",
    "cage": "0BMB0",
    "sam_citystate": "GOLETA, CA 93117",
    "sam_url": "http://www.tecolote.com",
    "sam_expiration_date": "2018-11-03T16:02:03Z"
  },
  "model": "vendors.vendor",
  "pk": 1540
},
{
  "fields": {
    "cm_name": "Kenneth W. Lones",
    "setasides": [],
    "sam_exclusion": false,
    "name": "Torch Technologies, Inc.",
    "number_of_employees": 270,
    "cm_email": "Kenneth.Lones@torchtechnologies.com",
    "pm_email": "Clay.Hagan@torchtechnologies.com",
    "cm_phone": "256-319-6019",
    "sam_address": "4090 Memorial Parkway S",
    "pm_name": "Clay Hagan",
    "sam_activation_date": "2017-12-07T17:58:27Z",
    "duns_4": "1225157080000",
    "pm_phone": "256-319-6045",
    "annual_revenue": 82843680,
    "duns": "122515708",
    "sam_status": "ACTIVE",
    "cage": "3CBV3",
    "sam_citystate": "Huntsville, AL 35802",
    "sam_url": "http://www.torchtechnologies.com",
    "sam_expiration_date": "2018-12-07T17:41:59Z"
  },
  "model": "vendors.vendor",
  "pk": 1541
},
{
  "fields": {
    "cm_name": "Joe Sciabica",
    "setasides": [],
    "sam_exclusion": false,
    "name": "Universal Technology Corporation dba UTC",
    "number_of_employees": 0,
    "cm_email": "jsciabica@utcdayton.com",
    "pm_email": "bhack@utcdayton.com",
    "cm_phone": "937-426-2808",
    "sam_address": "1270 N FAIRFIELD RD",
    "pm_name": "William D. Hack",
    "sam_activation_date": "2017-11-20T09:28:42Z",
    "duns_4": "0044752160000",
    "pm_phone": "937-426-2808",
    "annual_revenue": 0,
    "duns": "004475216",
    "sam_status": "ACTIVE",
    "cage": "1B731",
    "sam_citystate": "DAYTON, OH 45432",
    "sam_url": null,
    "sam_expiration_date": "2018-11-20T09:18:20Z"
  },
  "model": "vendors.vendor",
  "pk": 1542
},
{
  "fields": {
    "cm_name": "Yvonne Brennan",
    "setasides": [],
    "sam_exclusion": false,
    "name": "AEgis Technologies Group, Inc. The",
    "number_of_employees": 319,
    "cm_email": "OASIS@aegistg.com",
    "pm_email": "jvaughan@aegistg.com",
    "cm_phone": "256-922-0802",
    "sam_address": "410 Jan Davis Dr NW",
    "pm_name": "Jay Vaughan",
    "sam_activation_date": "2017-10-12T15:59:01Z",
    "duns_4": "6256945000000",
    "pm_phone": "256-922-0802",
    "annual_revenue": 57828000,
    "duns": "625694500",
    "sam_status": "ACTIVE",
    "cage": "0EXA1",
    "sam_citystate": "Huntsville, AL 35806",
    "sam_url": "http://www.aegistg.com",
    "sam_expiration_date": "2018-10-12T15:43:14Z"
  },
  "model": "vendors.vendor",
  "pk": 1543
},
{
  "fields": {
    "cm_name": "Carmen Foreman",
    "setasides": [],
    "sam_exclusion": false,
    "name": "Assurance Technology Corporation",
    "number_of_employees": 230,
    "cm_email": "foreman@assurtech.com",
    "pm_email": "magnuson@assurtech.com",
    "cm_phone": "703-765-6623 x 356",
    "sam_address": "84 S St ",
    "pm_name": "Frank Magnuson",
    "sam_activation_date": "2017-10-10T15:29:00Z",
    "duns_4": "0693388200000",
    "pm_phone": "703-765-6623 ",
    "annual_revenue": 5580000,
    "duns": "069338820",
    "sam_status": "ACTIVE",
    "cage": "8L918",
    "sam_citystate": "Carlisle, MA 01741",
    "sam_url": "http://www.assurtech.com/",
    "sam_expiration_date": "2018-10-10T15:13:41Z"
  },
  "model": "vendors.vendor",
  "pk": 1544
},
{
  "fields": {
    "cm_name": "Ronald Vance",
    "setasides": [
      3
    ],
    "sam_exclusion": false,
    "name": "BTAS, Inc. dba Business Technologies & Solutions",
    "number_of_employees": 0,
    "cm_email": "BTASGSAOASIS@btas.com",
    "pm_email": "BTASGSAOASIS@btas.com",
    "cm_phone": "937-431-9431 x 5899",
    "sam_address": "4391 Dayton-Xenia Rd",
    "pm_name": "George S. Vlahos",
    "sam_activation_date": "2017-05-09T15:00:10Z",
    "duns_4": "8835048540000",
    "pm_phone": "937-431-9431 x 5866",
    "annual_revenue": 0,
    "duns": "883504854",
    "sam_status": "ACTIVE",
    "cage": "07GB6",
    "sam_citystate": "Beavercreek, OH 45432",
    "sam_url": "http://www.btas.com",
    "sam_expiration_date": "2018-05-09T14:40:25Z"
  },
  "model": "vendors.vendor",
  "pk": 1545
},
{
  "fields": {
    "cm_name": "Jacira Johnson",
    "setasides": [
      3
    ],
    "sam_exclusion": false,
    "name": "CSSI, Inc.",
    "number_of_employees": 280,
    "cm_email": "contracts@cssiinc.com",
    "pm_email": "OASIS@cssiinc.com",
    "cm_phone": "202-808-3328",
    "sam_address": "425 3RD ST SW STE 700",
    "pm_name": "Curt Anderson",
    "sam_activation_date": "2017-11-08T07:28:38Z",
    "duns_4": "6214209910000",
    "pm_phone": "202-600-7599",
    "annual_revenue": 28969948,
    "duns": "621420991",
    "sam_status": "ACTIVE",
    "cage": "0YUD7",
    "sam_citystate": "WASHINGTON, DC 20024",
    "sam_url": null,
    "sam_expiration_date": "2018-11-08T07:22:48Z"
  },
  "model": "vendors.vendor",
  "pk": 1546
},
{
  "fields": {
    "cm_name": "Paul Shiffka",
    "setasides": [],
    "sam_exclusion": false,
    "name": "Data Systems Analyst, Inc. (DSA)",
    "number_of_employees": 0,
    "cm_email": "Paul.Shiffka@dsainc.com",
    "pm_email": "Bob.Strom@dsainc.com",
    "cm_phone": "267-525-2039",
    "sam_address": "8 NESHAMINY INTERPLEX DR STE 209",
    "pm_name": "Bob Strom",
    "sam_activation_date": "2017-10-10T14:59:05Z",
    "duns_4": "0486205120000",
    "pm_phone": "703-261-6062",
    "annual_revenue": 0,
    "duns": "048620512",
    "sam_status": "ACTIVE",
    "cage": "4D266",
    "sam_citystate": "FEASTERVILLE TREVOSE, PA 19053",
    "sam_url": "http://www.dsainc.com",
    "sam_expiration_date": "2018-10-10T14:52:21Z"
  },
  "model": "vendors.vendor",
  "pk": 1547
},
{
  "fields": {
    "cm_name": "Kelly L Bain",
    "setasides": [
      1,
      2
    ],
    "sam_exclusion": false,
    "name": "Delta Solutions & Strategies, LLC",
    "number_of_employees": 112,
    "cm_email": "kbain@deltasands.com",
    "pm_email": "gbain@deltasands.com",
    "cm_phone": "719-475-0605 x 1001",
    "sam_address": "565 SPACE CENTER DRIVE, SUITE 330",
    "pm_name": "Gary Bain",
    "sam_activation_date": "2017-10-07T11:58:56Z",
    "duns_4": "1246519640000",
    "pm_phone": "719-362-7313",
    "annual_revenue": 14200000,
    "duns": "124651964",
    "sam_status": "ACTIVE",
    "cage": "1RUU6",
    "sam_citystate": "COLORADO SPRINGS, CO 80915",
    "sam_url": "http://www.deltasands.com",
    "sam_expiration_date": "2018-10-07T11:49:47Z"
  },
  "model": "vendors.vendor",
  "pk": 1548
},
{
  "fields": {
    "cm_name": "Benita Whitfield",
    "setasides": [
      3,
      15
    ],
    "sam_exclusion": false,
    "name": "Earth Resources Technology, Inc. dba ERT",
    "number_of_employees": 471,
    "cm_email": "ERT-OASIS@ertcorp.com",
    "pm_email": "ERT-OASIS@ertcorp.com",
    "cm_phone": "301-323-1435",
    "sam_address": "14401 Sweitzer Ln Ste 300 ",
    "pm_name": "Maya Werner",
    "sam_activation_date": "2017-10-31T13:58:49Z",
    "duns_4": "0907709670000",
    "pm_phone": "301-323-1392",
    "annual_revenue": 47672784,
    "duns": "090770967",
    "sam_status": "ACTIVE",
    "cage": "1TZ41",
    "sam_citystate": "Laurel, MD 20707",
    "sam_url": "http://www.ertcorp.com/",
    "sam_expiration_date": "2018-10-31T13:43:12Z"
  },
  "model": "vendors.vendor",
  "pk": 1549
},
{
  "fields": {
    "cm_name": "Kelly Loomis",
    "setasides": [],
    "sam_exclusion": false,
    "name": "Eastern Research Group, Inc.",
    "number_of_employees": 380,
    "cm_email": "Kelly.Loomis@erg.com",
    "pm_email": "Amanda.Pedersen@erg.com",
    "cm_phone": "703-633-1708",
    "sam_address": "110 HARTWELL AVE STE 1",
    "pm_name": "Amanda Pedersen",
    "sam_activation_date": "2017-10-17T12:44:00Z",
    "duns_4": "1129473950000",
    "pm_phone": "703-633-1652",
    "annual_revenue": 62224340,
    "duns": "112947395",
    "sam_status": "ACTIVE",
    "cage": "00GP8",
    "sam_citystate": "LEXINGTON, MA 02421",
    "sam_url": "http://www.erg.com",
    "sam_expiration_date": "2018-10-17T12:32:41Z"
  },
  "model": "vendors.vendor",
  "pk": 1550
},
{
  "fields": {
    "cm_name": "Sandra Stewart",
    "setasides": [
      15
    ],
    "sam_exclusion": false,
    "name": "Global Science & Technology, Inc. dba GST",
    "number_of_employees": 160,
    "cm_email": "Sandra.Stewart@gst.com",
    "pm_email": "Chris.Moren@gst.com",
    "cm_phone": "304-368-6135",
    "sam_address": "7855 WALKER DR STE 200",
    "pm_name": "Chris Moren",
    "sam_activation_date": "2017-10-11T16:29:02Z",
    "duns_4": "8037216790000",
    "pm_phone": "240-355-5951",
    "annual_revenue": 22350004,
    "duns": "803721679",
    "sam_status": "ACTIVE",
    "cage": "0YST4",
    "sam_citystate": "GREENBELT, MD 20770",
    "sam_url": "http://www.gst.com",
    "sam_expiration_date": "2018-10-11T16:22:53Z"
  },
  "model": "vendors.vendor",
  "pk": 1551
},
{
  "fields": {
    "cm_name": "Mark H. Richardson",
    "setasides": [],
    "sam_exclusion": false,
    "name": "Integration Innovation, Inc.",
    "number_of_employees": 190,
    "cm_email": "OASIS@i3-corps.com",
    "pm_email": "OASIS@i3-corps.com",
    "cm_phone": "256-270-4872",
    "sam_address": "689 DISCOVERY DR BLDG 1 STE 500",
    "pm_name": "Joseph Summers",
    "sam_activation_date": "2017-10-10T18:13:55Z",
    "duns_4": "0096993460000",
    "pm_phone": "256-783-7625",
    "annual_revenue": 33468516,
    "duns": "009699346",
    "sam_status": "ACTIVE",
    "cage": "4ZSH3",
    "sam_citystate": "HUNTSVILLE, AL 35806",
    "sam_url": "http://www.i3-corps.com",
    "sam_expiration_date": "2018-10-10T18:07:33Z"
  },
  "model": "vendors.vendor",
  "pk": 1552
},
{
  "fields": {
    "cm_name": "Londa Phillips",
    "setasides": [],
    "sam_exclusion": null,
    "name": "LinQuest Corporation",
    "number_of_employees": null,
    "cm_email": "Londa.Phillips@linquest.com",
    "pm_email": "Matt.Redling@linquest.com",
    "cm_phone": "323-924-1431",
    "sam_address": null,
    "pm_name": "Matt Redling",
    "sam_activation_date": null,
    "duns_4": "0140389760000",
    "pm_phone": "703-581-6263",
    "annual_revenue": null,
    "duns": "014038976",
    "sam_status": null,
    "cage": null,
    "sam_citystate": null,
    "sam_url": null,
    "sam_expiration_date": null
  },
  "model": "vendors.vendor",
  "pk": 1553
},
{
  "fields": {
    "cm_name": "Peggy Schildt",
    "setasides": [
      3
    ],
    "sam_exclusion": false,
    "name": "Metrica, Inc.",
    "number_of_employees": 75,
    "cm_email": "pschildt@metricanet.com",
    "pm_email": "OASIS@metricanet.com",
    "cm_phone": "210-822-2310 x 208",
    "sam_address": "100 NE Loop 410 Ste 520 ",
    "pm_name": "Brice Stone ",
    "sam_activation_date": "2017-10-10T18:43:58Z",
    "duns_4": "1567534020000",
    "pm_phone": "609-638-7000",
    "annual_revenue": 19000000,
    "duns": "156753402",
    "sam_status": "ACTIVE",
    "cage": "0UTY8",
    "sam_citystate": "San Antonio, TX 78216",
    "sam_url": "http://www.metricanet.com",
    "sam_expiration_date": "2018-10-10T18:24:17Z"
  },
  "model": "vendors.vendor",
  "pk": 1554
},
{
  "fields": {
    "cm_name": "Sandy Scott",
    "setasides": [
      1,
      2
    ],
    "sam_exclusion": false,
    "name": "MicroTechnologies, LLC dba Microtech",
    "number_of_employees": 263,
    "cm_email": "sscott@microtech.net",
    "pm_email": "bedgar@microtech.net",
    "cm_phone": "571-327-2913",
    "sam_address": "8330 Boone Blvd Ste 600",
    "pm_name": "Bill Edgar",
    "sam_activation_date": "2017-12-04T15:28:47Z",
    "duns_4": "1454541820000",
    "pm_phone": "571-327-2903",
    "annual_revenue": 6870183,
    "duns": "145454182",
    "sam_status": "ACTIVE",
    "cage": "3TSJ0",
    "sam_citystate": "Vienna, VA 22182",
    "sam_url": "http://www.microtech.net",
    "sam_expiration_date": "2018-12-04T15:13:50Z"
  },
  "model": "vendors.vendor",
  "pk": 1555
},
{
  "fields": {
    "cm_name": "Dianne Thomas",
    "setasides": [
      1
    ],
    "sam_exclusion": false,
    "name": "Millennium Engineering and Integration Company dba Millennium",
    "number_of_employees": 286,
    "cm_email": "OASIS@meicompany.com",
    "pm_email": "OASIS@meicompany.com",
    "cm_phone": "703-413-7765",
    "sam_address": "1400 Crystal Dr Ste 800",
    "pm_name": "Daniel M. Deans",
    "sam_activation_date": "2017-10-10T18:08:52Z",
    "duns_4": "0119719390000",
    "pm_phone": "703-413-7740",
    "annual_revenue": 65434760,
    "duns": "011971939",
    "sam_status": "ACTIVE",
    "cage": "1B5V4",
    "sam_citystate": "Arlington, VA 22202",
    "sam_url": "http://www.meicompany.com/",
    "sam_expiration_date": "2018-10-10T17:29:35Z"
  },
  "model": "vendors.vendor",
  "pk": 1556
},
{
  "fields": {
    "cm_name": "Daeri Coskren",
    "setasides": [],
    "sam_exclusion": false,
    "name": "Odyssey Systems Consulting Group, Ltd.",
    "number_of_employees": 320,
    "cm_email": "daericoskren@odysseyconsult.com",
    "pm_email": "OASISmail@odysseyconsult.com",
    "cm_phone": "781-399-5807",
    "sam_address": "201 Edgewater Dr Ste 270",
    "pm_name": "Tom Portlock",
    "sam_activation_date": "2017-11-15T12:29:32Z",
    "duns_4": "0907398300000",
    "pm_phone": "781-399-5877",
    "annual_revenue": 34130000,
    "duns": "090739830",
    "sam_status": "ACTIVE",
    "cage": "09DF6",
    "sam_citystate": "Wakefield, MA 01880",
    "sam_url": "http://www.odysseyconsult.com",
    "sam_expiration_date": "2018-11-15T12:14:08Z"
  },
  "model": "vendors.vendor",
  "pk": 1557
},
{
  "fields": {
    "cm_name": "Kristina Cheesebrew",
    "setasides": [],
    "sam_exclusion": false,
    "name": "Praxis, Inc.",
    "number_of_employees": 391,
    "cm_email": "alexandria-OASIS@tsc.com",
    "pm_email": "alexandria-OASIS@tsc.com",
    "cm_phone": "571-302-7247",
    "sam_address": "251 18th St S, Ste 610",
    "pm_name": "Anthony Marzi",
    "sam_activation_date": "2017-07-07T14:59:40Z",
    "duns_4": "9399441460000",
    "pm_phone": "571-302-7249",
    "annual_revenue": 108900552,
    "duns": "939944146",
    "sam_status": "ACTIVE",
    "cage": "0RK23",
    "sam_citystate": "Arlington, VA 22202",
    "sam_url": "http://www.pxi.com",
    "sam_expiration_date": "2018-07-07T14:42:47Z"
  },
  "model": "vendors.vendor",
  "pk": 1558
},
{
  "fields": {
    "cm_name": "Laura Nielson",
    "setasides": [],
    "sam_exclusion": false,
    "name": "Riverside Technology, Inc.",
    "number_of_employees": 35,
    "cm_email": "OASIS@riverside.com",
    "pm_email": "OASIS@riverside.com",
    "cm_phone": " 970-484-7573 x 808",
    "sam_address": "3350 Eastbrook Dr Ste 270",
    "pm_name": "Brian Ashe",
    "sam_activation_date": "2017-10-23T15:30:29Z",
    "duns_4": "1397258650000",
    "pm_phone": "970-484-7573 x 801",
    "annual_revenue": 3395616,
    "duns": "139725865",
    "sam_status": "ACTIVE",
    "cage": "1FJF9",
    "sam_citystate": "Fort Collins, CO 80525",
    "sam_url": "http://www.riverside.com",
    "sam_expiration_date": "2018-10-23T15:17:54Z"
  },
  "model": "vendors.vendor",
  "pk": 1559
},
{
  "fields": {
    "cm_name": "Judit Gates",
    "setasides": [
      3
    ],
    "sam_exclusion": false,
    "name": "Strategic Analysis, Inc.",
    "number_of_employees": 110,
    "cm_email": "OASIS@sainc.com",
    "pm_email": "OASIS@sainc.com",
    "cm_phone": "703-797-2288",
    "sam_address": "4075 WILSON BLVD STE 200",
    "pm_name": "Jennifer Williams",
    "sam_activation_date": "2017-11-13T14:44:34Z",
    "duns_4": "1538789960000",
    "pm_phone": "703-276-2254",
    "annual_revenue": 17477768,
    "duns": "153878996",
    "sam_status": "ACTIVE",
    "cage": "44609",
    "sam_citystate": "ARLINGTON, VA 22203",
    "sam_url": "http://www.sainc.com",
    "sam_expiration_date": "2018-11-13T14:27:41Z"
  },
  "model": "vendors.vendor",
  "pk": 1560
},
{
  "fields": {
    "cm_name": "Daniel Eke",
    "setasides": [
      18
    ],
    "sam_exclusion": false,
    "name": "Daniel Eke & Associates, P.C.",
    "number_of_employees": 13,
    "cm_email": "eke@de-a.com",
    "pm_email": "eke@de-a.com",
    "cm_phone": "301-587-4074",
    "sam_address": "8701 GEORGIA AVE STE 503",
    "pm_name": "Daniel Eke",
    "sam_activation_date": "2017-04-20T17:11:37Z",
    "duns_4": "7931651190000",
    "pm_phone": "301-587-4074",
    "annual_revenue": 989053,
    "duns": "793165119",
    "sam_status": "ACTIVE",
    "cage": "1DJS7",
    "sam_citystate": "SILVER SPRING, MD 20910",
    "sam_url": null,
    "sam_expiration_date": "2018-04-20T16:53:24Z"
  },
  "model": "vendors.vendor",
  "pk": 1561
},
{
  "fields": {
    "cm_name": "Andrew Eastman",
    "setasides": [],
    "sam_exclusion": false,
    "name": "FI Consulting, Inc. dba FI Consulting",
    "number_of_employees": 18,
    "cm_email": "eastman@ficonsulting.com",
    "pm_email": "cavallomiller@ficonsulting.com",
    "cm_phone": "571-255-6771",
    "sam_address": "1500 Wilson Blvd 4th Fl ",
    "pm_name": "Karen Cavallo Miller",
    "sam_activation_date": "2017-10-23T12:30:14Z",
    "duns_4": "1261500560000",
    "pm_phone": "571-255-6876",
    "annual_revenue": 2500000,
    "duns": "126150056",
    "sam_status": "ACTIVE",
    "cage": "4MEL7",
    "sam_citystate": "Arlington, VA 22209",
    "sam_url": "http://www.FIConsulting.com",
    "sam_expiration_date": "2018-10-23T12:18:05Z"
  },
  "model": "vendors.vendor",
  "pk": 1562
},
{
  "fields": {
    "cm_name": "Nazim Hamilton",
    "setasides": [
      15,
      16
    ],
    "sam_exclusion": false,
    "name": "Hamilton Enterprises, LLC dba Franklin and Turner International",
    "number_of_employees": 10,
    "cm_email": "Nazim.Hamilton@usfti.com  ",
    "pm_email": "Nazim.Hamilton@usfti.com  ",
    "cm_phone": "202-204-2238",
    "sam_address": "7327 Hanover Parkway, Suite A",
    "pm_name": "Nazim Hamilton",
    "sam_activation_date": "2017-11-28T12:28:36Z",
    "duns_4": "8254871300000",
    "pm_phone": "202-204-2238",
    "annual_revenue": 265000,
    "duns": "825487130",
    "sam_status": "ACTIVE",
    "cage": "52DB6",
    "sam_citystate": "Greenbelt, MD 20770",
    "sam_url": "http://www.usfti.com",
    "sam_expiration_date": "2018-11-21T15:36:08Z"
  },
  "model": "vendors.vendor",
  "pk": 1563
},
{
  "fields": {
    "cm_name": "John Lacey",
    "setasides": [],
    "sam_exclusion": false,
    "name": "RM Advisory Services, LLC",
    "number_of_employees": 7,
    "cm_email": "john.lacey@rmadvisory.com",
    "pm_email": "johnglass@rmadvisory.com",
    "cm_phone": "571-480-4973",
    "sam_address": "113 S West St ",
    "pm_name": "John Glass",
    "sam_activation_date": "2017-11-27T11:13:39Z",
    "duns_4": "6097321980000",
    "pm_phone": "703-850-2352",
    "annual_revenue": 600000,
    "duns": "609732198",
    "sam_status": "ACTIVE",
    "cage": "48L84",
    "sam_citystate": "Alexandria, VA 22314",
    "sam_url": "http://www.rmadvisory.com",
    "sam_expiration_date": "2018-11-27T10:55:02Z"
  },
  "model": "vendors.vendor",
  "pk": 1564
},
{
  "fields": {
    "cm_name": "James Liang",
    "setasides": [],
    "sam_exclusion": false,
    "name": "Ruchman and Associates, Inc.",
    "number_of_employees": 144,
    "cm_email": "info@ruchman.com",
    "pm_email": "info@ruchman.com",
    "cm_phone": "301-776-5000",
    "sam_address": "8221 PRESTON CT",
    "pm_name": "James Liang",
    "sam_activation_date": "2017-02-02T10:13:39Z",
    "duns_4": "1014569030000",
    "pm_phone": "301-776-5000",
    "annual_revenue": 3701740,
    "duns": "101456903",
    "sam_status": "ACTIVE",
    "cage": "1JS86",
    "sam_citystate": "JESSUP, MD 20794",
    "sam_url": null,
    "sam_expiration_date": "2018-02-02T09:59:33Z"
  },
  "model": "vendors.vendor",
  "pk": 1565
},
{
  "fields": {
    "cm_name": "Astrid Pages",
    "setasides": [],
    "sam_exclusion": false,
    "name": "Science Systems and Applications, Inc. dba SSAI",
    "number_of_employees": 646,
    "cm_email": "gwac_pmo@ssaihq.com",
    "pm_email": "jeffrey.shull@ssaihq.com",
    "cm_phone": "301-928-8198",
    "sam_address": "10210 Greenbelt Rd Ste 600",
    "pm_name": "Jeffrey D. Shull",
    "sam_activation_date": "2017-10-13T12:13:57Z",
    "duns_4": "0876948080000",
    "pm_phone": "301-867-6283",
    "annual_revenue": 89000000,
    "duns": "087694808",
    "sam_status": "ACTIVE",
    "cage": "5S009",
    "sam_citystate": "Lanham, MD 20706",
    "sam_url": "http://www.ssaihq.com",
    "sam_expiration_date": "2018-10-13T11:58:46Z"
  },
  "model": "vendors.vendor",
  "pk": 1566
},
{
  "fields": {
    "cm_name": "Michelle P. Eckstein",
    "setasides": [],
    "sam_exclusion": false,
    "name": "Applied Research Associates, Inc., dba ARA",
    "number_of_employees": 1183,
    "cm_email": "ARA_OASIS_SB@ara.com",
    "pm_email": "ARA_OASIS_SB@ara.com",
    "cm_phone": "505-881-8074",
    "sam_address": "4300 San Mateo Blvd NE Ste A-220",
    "pm_name": "James \"PeeWee\" Wertz",
    "sam_activation_date": "2017-10-09T14:58:53Z",
    "duns_4": "0979676080000",
    "pm_phone": "505-883-3636",
    "annual_revenue": 188055264,
    "duns": "097967608",
    "sam_status": "ACTIVE",
    "cage": "9R446",
    "sam_citystate": "Albuquerque, NM 87110",
    "sam_url": "http://www.ara.com",
    "sam_expiration_date": "2018-10-09T14:19:53Z"
  },
  "model": "vendors.vendor",
  "pk": 1567
},
{
  "fields": {
    "cm_name": "Natosha Carter",
    "setasides": [],
    "sam_exclusion": false,
    "name": "Compass Systems, Inc.",
    "number_of_employees": 0,
    "cm_email": "OASIS@compass-sys-inc.com",
    "pm_email": "OASIS@compass-sys-inc.com",
    "cm_phone": "301-737-4640 x 326",
    "sam_address": "21471 GREAT MILLS RD",
    "pm_name": "Ray Rose",
    "sam_activation_date": "2017-10-26T11:29:22Z",
    "duns_4": "1779855610000",
    "pm_phone": "301-737-4640",
    "annual_revenue": 0,
    "duns": "177985561",
    "sam_status": "ACTIVE",
    "cage": "08AL5",
    "sam_citystate": "LEXINGTON PARK, MD 20653",
    "sam_url": "http://www.compass-sys-inc.com/",
    "sam_expiration_date": "2018-10-26T11:18:39Z"
  },
  "model": "vendors.vendor",
  "pk": 1568
},
{
  "fields": {
    "cm_name": "Thomas Sgroi",
    "setasides": [],
    "sam_exclusion": false,
    "name": "DCS Corporation",
    "number_of_employees": 0,
    "cm_email": "DCS_OASIS_FO@dcscorp.com",
    "pm_email": "DCS_OASIS_FO@dcscorp.com",
    "cm_phone": "571-227-6138",
    "sam_address": "6909 Metro Pk Dr Ste 500 ",
    "pm_name": "Lance Alsheimer",
    "sam_activation_date": "2017-10-12T08:43:54Z",
    "duns_4": "0836629160000",
    "pm_phone": "240-237-4824",
    "annual_revenue": 0,
    "duns": "083662916",
    "sam_status": "ACTIVE",
    "cage": "1P418",
    "sam_citystate": "Alexandria, VA 22310",
    "sam_url": "http://www.dcscorp.com",
    "sam_expiration_date": "2018-10-12T08:28:39Z"
  },
  "model": "vendors.vendor",
  "pk": 1569
},
{
  "fields": {
    "cm_name": "Rosie Maul",
    "setasides": [],
    "sam_exclusion": false,
    "name": "Dynetics, Inc.",
    "number_of_employees": 0,
    "cm_email": "OASIS@dynetics.com",
    "pm_email": "OASIS@dynetics.com",
    "cm_phone": "256-964-4567",
    "sam_address": "1002 EXPLORER BLVD",
    "pm_name": "Cindy Griner",
    "sam_activation_date": "2017-10-24T11:29:01Z",
    "duns_4": "0754584550000",
    "pm_phone": "256-964-4259",
    "annual_revenue": 0,
    "duns": "075458455",
    "sam_status": "ACTIVE",
    "cage": "7L855",
    "sam_citystate": "HUNTSVILLE, AL 35806",
    "sam_url": "http://www.dynetics.com",
    "sam_expiration_date": "2018-10-24T11:15:23Z"
  },
  "model": "vendors.vendor",
  "pk": 1570
},
{
  "fields": {
    "cm_name": "Kenneth T. Lyles",
    "setasides": [],
    "sam_exclusion": false,
    "name": "Engineering Research and Consulting, Inc. dba ERC",
    "number_of_employees": 483,
    "cm_email": "OASISCM@erc-incorporated.com",
    "pm_email": "OASISPM@erc-incorporated.com",
    "cm_phone": "256-327-9170",
    "sam_address": "308 Voyager Way, Suite 200 ",
    "pm_name": "Cheryl L. Davis",
    "sam_activation_date": "2017-11-06T10:13:44Z",
    "duns_4": "0956735210000",
    "pm_phone": "256-327-9162",
    "annual_revenue": 40618700,
    "duns": "095673521",
    "sam_status": "ACTIVE",
    "cage": "0VYZ2",
    "sam_citystate": "Huntsville, AL 35806",
    "sam_url": null,
    "sam_expiration_date": "2018-11-06T09:54:20Z"
  },
  "model": "vendors.vendor",
  "pk": 1571
},
{
  "fields": {
    "cm_name": "Shawn Irish",
    "setasides": [
      3
    ],
    "sam_exclusion": false,
    "name": "Innovative Technologies Corp",
    "number_of_employees": 100,
    "cm_email": "irishs@itc-1.com",
    "pm_email": "canterc@itc-1.com",
    "cm_phone": "937-252-2145 x 115",
    "sam_address": "1020 WOODMAN DR STE 100",
    "pm_name": "Carl Canter",
    "sam_activation_date": "2017-06-29T13:29:55Z",
    "duns_4": "3613179020000",
    "pm_phone": "937-252-2145 x 142",
    "annual_revenue": 11289279,
    "duns": "361317902",
    "sam_status": "ACTIVE",
    "cage": "0EBK0",
    "sam_citystate": "DAYTON, OH 45432",
    "sam_url": "http://www.itc-1.com/",
    "sam_expiration_date": "2018-06-29T13:15:50Z"
  },
  "model": "vendors.vendor",
  "pk": 1572
},
{
  "fields": {
    "cm_name": "Mary Zombakis",
    "setasides": [
      1
    ],
    "sam_exclusion": false,
    "name": "Integrity Applications, Inc.",
    "number_of_employees": 4,
    "cm_email": "OASISSB@integrity-apps.com",
    "pm_email": "OASISSB@integrity-apps.com",
    "cm_phone": "703-674-1276",
    "sam_address": "15020 CONFERENCE CENTER DRIVE, SUITE 100",
    "pm_name": "Peter Kimes",
    "sam_activation_date": "2017-10-24T08:28:50Z",
    "duns_4": "0479395040000",
    "pm_phone": "703-378-8672 x 3535",
    "annual_revenue": 290000,
    "duns": "047939504",
    "sam_status": "ACTIVE",
    "cage": "1JSR9",
    "sam_citystate": "CHANTILLY, VA 20151",
    "sam_url": "http://www.integrity-apps.com",
    "sam_expiration_date": "2018-10-24T08:16:07Z"
  },
  "model": "vendors.vendor",
  "pk": 1573
},
{
  "fields": {
    "cm_name": "Maggie Wetzell",
    "setasides": [],
    "sam_exclusion": false,
    "name": "Oasis Systems, LLC",
    "number_of_employees": 270,
    "cm_email": "GSAOASIS@OasisSystems.com",
    "pm_email": "GSAOASIS@OasisSystems.com",
    "cm_phone": "781-676-7364",
    "sam_address": "24 HARTWELL AVE",
    "pm_name": "Michael McElwain",
    "sam_activation_date": "2017-10-11T17:43:58Z",
    "duns_4": "1760188100000",
    "pm_phone": "781-676-7361",
    "annual_revenue": 35118992,
    "duns": "176018810",
    "sam_status": "ACTIVE",
    "cage": "1EDN2",
    "sam_citystate": "LEXINGTON, MA 02421",
    "sam_url": "http://www.oasissystems.com/",
    "sam_expiration_date": "2018-10-11T17:28:11Z"
  },
  "model": "vendors.vendor",
  "pk": 1574
},
{
  "fields": {
    "cm_name": "Josh Cook",
    "setasides": [],
    "sam_exclusion": false,
    "name": "Scientific Research Corporation",
    "number_of_employees": 975,
    "cm_email": "OASIS@scires.com",
    "pm_email": "OASIS@scires.com",
    "cm_phone": "0",
    "sam_address": "2300 Windy Ridge Pkwy Ste 400S",
    "pm_name": "Jeff Bringslid",
    "sam_activation_date": "2017-10-13T15:43:56Z",
    "duns_4": "1971382740000",
    "pm_phone": "801-821-7466",
    "annual_revenue": 13,
    "duns": "197138274",
    "sam_status": "ACTIVE",
    "cage": "0D5A6",
    "sam_citystate": "Atlanta, GA 30339",
    "sam_url": "http://www.scires.com",
    "sam_expiration_date": "2018-10-13T15:37:51Z"
  },
  "model": "vendors.vendor",
  "pk": 1575
},
{
  "fields": {
    "cm_name": "Valerie Piazza",
    "setasides": [
      1,
      2
    ],
    "sam_exclusion": false,
    "name": "USfalcon, Inc.",
    "number_of_employees": 228,
    "cm_email": "Valerie.Piazza@usfalcon.com",
    "pm_email": "Bob.Hamsik@usfalcon.com",
    "cm_phone": "919-459-1955",
    "sam_address": "100 Regency Forest Dr Ste 150",
    "pm_name": "Robert F. \"Bob\" Hamsik",
    "sam_activation_date": "2017-10-24T09:28:54Z",
    "duns_4": "8292888560000",
    "pm_phone": "937-271-4006",
    "annual_revenue": 54778936,
    "duns": "829288856",
    "sam_status": "ACTIVE",
    "cage": "4CWP6",
    "sam_citystate": "Cary, NC 27518",
    "sam_url": "http://www.usfalcon.com",
    "sam_expiration_date": "2018-10-24T09:17:53Z"
  },
  "model": "vendors.vendor",
  "pk": 1576
},
{
  "fields": {
    "cm_name": "James Warthen",
    "setasides": [],
    "sam_exclusion": false,
    "name": "Whitney, Bradley & Brown, Inc. dba WBB",
    "number_of_employees": 400,
    "cm_email": "OASIS.LG-WBB@wbbinc.com",
    "pm_email": "OASIS.LG-WBB@wbbinc.com",
    "cm_phone": "703-448-6081 x 107",
    "sam_address": "11790 Sunrise Valley Dr ",
    "pm_name": "Richard Justice",
    "sam_activation_date": "2017-09-18T13:09:07Z",
    "duns_4": "1318734570000",
    "pm_phone": "703-448-6081 x 183",
    "annual_revenue": 100000000,
    "duns": "131873457",
    "sam_status": "ACTIVE",
    "cage": "8Z634",
    "sam_citystate": "Reston, VA 20191",
    "sam_url": null,
    "sam_expiration_date": "2018-09-18T12:24:59Z"
  },
  "model": "vendors.vendor",
  "pk": 1577
},
{
  "fields": {
    "cm_name": "Tania Koles",
    "setasides": [],
    "sam_exclusion": false,
    "name": "Accenture Federal Services, LLC",
    "number_of_employees": 380,
    "cm_email": "OASIS@accenturefederal.com",
    "pm_email": "OASIS@accenturefederal.com",
    "cm_phone": "571-414-4033",
    "sam_address": "800 NORTH GLEBE RD #300",
    "pm_name": "Sandi LaCroix",
    "sam_activation_date": "2017-12-01T09:13:30Z",
    "duns_4": "1397271480000",
    "pm_phone": "571-414-3350",
    "annual_revenue": 65000000,
    "duns": "139727148",
    "sam_status": "ACTIVE",
    "cage": "1ZD18",
    "sam_citystate": "ARLINGTON, VA 22203",
    "sam_url": "http://www.accenture.com",
    "sam_expiration_date": "2018-12-01T09:07:32Z"
  },
  "model": "vendors.vendor",
  "pk": 1578
},
{
  "fields": {
    "cm_name": "Janet V. LaFever",
    "setasides": [],
    "sam_exclusion": false,
    "name": "Alion Science and Technology Corporation",
    "number_of_employees": 3180,
    "cm_email": "OASIS-PMO@alionscience.com",
    "pm_email": "OASIS-PMO@alionscience.com",
    "cm_phone": "703-259-5008",
    "sam_address": "1000 BURR RIDGE PKWY STE 202",
    "pm_name": "Marilou Hill",
    "sam_activation_date": "2017-11-09T15:13:45Z",
    "duns_4": "9634508660000",
    "pm_phone": "703-259-5244",
    "annual_revenue": 806803968,
    "duns": "963450866",
    "sam_status": "ACTIVE",
    "cage": "3BM47",
    "sam_citystate": "BURR RIDGE, IL 60527",
    "sam_url": null,
    "sam_expiration_date": "2018-11-09T15:00:23Z"
  },
  "model": "vendors.vendor",
  "pk": 1579
},
{
  "fields": {
    "cm_name": "Jack Baker",
    "setasides": [],
    "sam_exclusion": false,
    "name": "American Systems Corporation",
    "number_of_employees": 1300,
    "cm_email": "OASISPMO@americansystems.com",
    "pm_email": "OASISPMO@americansystems.com",
    "cm_phone": "703-968-5225",
    "sam_address": "14151 Park Meadow Dr Ste 500",
    "pm_name": "Page Nowland",
    "sam_activation_date": "2017-10-12T10:28:58Z",
    "duns_4": "0777997990000",
    "pm_phone": "703-968-5364",
    "annual_revenue": 135531712,
    "duns": "077799799",
    "sam_status": "ACTIVE",
    "cage": "61443",
    "sam_citystate": "Chantilly, VA 20151",
    "sam_url": null,
    "sam_expiration_date": "2018-10-12T10:17:34Z"
  },
  "model": "vendors.vendor",
  "pk": 1580
},
{
  "fields": {
    "cm_name": "Gayle Ashton",
    "setasides": [],
    "sam_exclusion": false,
    "name": "Ball Aerospace & Technologies Corporation",
    "number_of_employees": 3150,
    "cm_email": "gashton@ball.com",
    "pm_email": "cemmeric@ball.com",
    "cm_phone": "937-320-7054",
    "sam_address": "1600 COMMERCE ST",
    "pm_name": "Chris Emmerich",
    "sam_activation_date": "2017-02-24T18:11:44Z",
    "duns_4": "9264515190000",
    "pm_phone": "937-320-4195",
    "annual_revenue": 0,
    "duns": "926451519",
    "sam_status": "ACTIVE",
    "cage": "13993",
    "sam_citystate": "BOULDER, CO 80301",
    "sam_url": "http://www.ball.com/aerospace",
    "sam_expiration_date": "2018-02-24T18:06:08Z"
  },
  "model": "vendors.vendor",
  "pk": 1581
},
{
  "fields": {
    "cm_name": "Lee Donelson",
    "setasides": [],
    "sam_exclusion": false,
    "name": "Battelle Memorial Institute",
    "number_of_employees": 20000,
    "cm_email": "OASIS@battelle.org",
    "pm_email": "chauhan@battelle.org",
    "cm_phone": "410-306-8554",
    "sam_address": "505 KING AVENUE",
    "pm_name": "Satya P. Chauhan",
    "sam_activation_date": "2017-11-06T10:13:45Z",
    "duns_4": "0079015980000",
    "pm_phone": "614-424-4812",
    "annual_revenue": 4160000000,
    "duns": "007901598",
    "sam_status": "ACTIVE",
    "cage": "79986",
    "sam_citystate": "COLUMBUS, OH 43201",
    "sam_url": "http://www.battelle.org",
    "sam_expiration_date": "2018-11-06T10:08:11Z"
  },
  "model": "vendors.vendor",
  "pk": 1582
},
{
  "fields": {
    "cm_name": "Debra L. Bowling",
    "setasides": [],
    "sam_exclusion": false,
    "name": "Boeing Aerospace Operations, Inc.",
    "number_of_employees": 162000,
    "cm_email": "OASIS@boeing.com",
    "pm_email": "OASIS@boeing.com",
    "cm_phone": "972-342-8394",
    "sam_address": "6200 JS McDonnell Blvd",
    "pm_name": "Patrick M. Sweeney",
    "sam_activation_date": "2017-12-16T07:08:54Z",
    "duns_4": "1753046870000",
    "pm_phone": "410-824-8029",
    "annual_revenue": 62899998720,
    "duns": "175304687",
    "sam_status": "ACTIVE",
    "cage": "0LRY9",
    "sam_citystate": "Saint Louis, MO 63134",
    "sam_url": "http://www.boeing.com/",
    "sam_expiration_date": "2018-12-15T20:02:45Z"
  },
  "model": "vendors.vendor",
  "pk": 1583
},
{
  "fields": {
    "cm_name": "Steve Fredericks",
    "setasides": [],
    "sam_exclusion": false,
    "name": "Booz Allen Hamilton, Inc.",
    "number_of_employees": 20685,
    "cm_email": "BAHOASISContract@bah.com",
    "pm_email": "BAHOASISContract@bah.com",
    "cm_phone": "703-377-4708",
    "sam_address": "8283 Greensboro Dr",
    "pm_name": "Matt See",
    "sam_activation_date": "2017-10-16T09:28:57Z",
    "duns_4": "0069288570000",
    "pm_phone": "703-377-5352",
    "annual_revenue": 3300000000,
    "duns": "006928857",
    "sam_status": "ACTIVE",
    "cage": "17038",
    "sam_citystate": "McLean, VA 22102",
    "sam_url": "HTTP://WWW.BOOZALLEN.COM",
    "sam_expiration_date": "2018-10-16T09:08:53Z"
  },
  "model": "vendors.vendor",
  "pk": 1584
},
{
  "fields": {
    "cm_name": "Ken Logerwell",
    "setasides": [],
    "sam_exclusion": false,
    "name": "CACI, Inc. Federal",
    "number_of_employees": 11600,
    "cm_email": "CACIOASIS@caci.com",
    "pm_email": "CACIOASIS@caci.com",
    "cm_phone": "703-679-3406",
    "sam_address": "14370 Newbrook Drive",
    "pm_name": "Ted Buford",
    "sam_activation_date": "2017-08-29T14:14:21Z",
    "duns_4": "1148960660000",
    "pm_phone": "703-679-4177",
    "annual_revenue": 2037944320,
    "duns": "114896066",
    "sam_status": "ACTIVE",
    "cage": "1QU78",
    "sam_citystate": "Chantilly, VA 20151",
    "sam_url": "http://WWW.CACI.COM",
    "sam_expiration_date": "2018-08-29T14:04:15Z"
  },
  "model": "vendors.vendor",
  "pk": 1585
},
{
  "fields": {
    "cm_name": "Cindy Milstead",
    "setasides": [],
    "sam_exclusion": false,
    "name": "Camber Corporation",
    "number_of_employees": 2055,
    "cm_email": "OASIS@hii-tsd.com",
    "pm_email": "rchen@hii.tsd.com",
    "cm_phone": "703-539-3068",
    "sam_address": "670 Discovery Dr",
    "pm_name": "Rob Chen",
    "sam_activation_date": "2017-11-02T13:13:55Z",
    "duns_4": "6095707420000",
    "pm_phone": "703-539-3176",
    "annual_revenue": 413000000,
    "duns": "609570742",
    "sam_status": "ACTIVE",
    "cage": "0MWW4",
    "sam_citystate": "Huntsville, AL 35806",
    "sam_url": "http://tsd.huntingtoningalls.com",
    "sam_expiration_date": "2018-11-02T13:06:08Z"
  },
  "model": "vendors.vendor",
  "pk": 1586
},
{
  "fields": {
    "cm_name": "Julia Conti",
    "setasides": [],
    "sam_exclusion": false,
    "name": "CGI Federal, Inc.",
    "number_of_employees": 1100,
    "cm_email": "GSAOASIS@cgifederal.com",
    "pm_email": "GSAOASIS@cgifederal.com",
    "cm_phone": "703-227-4652",
    "sam_address": "12601 FAIR LAKES CIR",
    "pm_name": "Mike Pullen",
    "sam_activation_date": "2017-10-20T11:59:09Z",
    "duns_4": "1459697830000",
    "pm_phone": "703-227-4050",
    "annual_revenue": 1800000000,
    "duns": "145969783",
    "sam_status": "ACTIVE",
    "cage": "3YVK7",
    "sam_citystate": "FAIRFAX, VA 22033",
    "sam_url": "http://www.cgifederal.com",
    "sam_expiration_date": "2018-10-20T11:46:59Z"
  },
  "model": "vendors.vendor",
  "pk": 1587
},
{
  "fields": {
    "cm_name": "Laura Childers",
    "setasides": [],
    "sam_exclusion": false,
    "name": "CSRA LLC",
    "number_of_employees": 930000,
    "cm_email": "OASISPM@csra.com",
    "pm_email": "OASISPM@csra.com",
    "cm_phone": "571-232-1412",
    "sam_address": "3170 Fairview Park Dr",
    "pm_name": "Jeffrey Wehner",
    "sam_activation_date": "2017-11-06T11:29:09Z",
    "duns_4": "0797353710000",
    "pm_phone": "202-374-6878",
    "annual_revenue": 16199999488,
    "duns": "079735371",
    "sam_status": "ACTIVE",
    "cage": "7C146",
    "sam_citystate": "Falls Church, VA 22042",
    "sam_url": " https://www.csra.com/our-company/contracts/",
    "sam_expiration_date": "2018-11-06T11:18:03Z"
  },
  "model": "vendors.vendor",
  "pk": 1588
},
{
  "fields": {
    "cm_name": "Brooke Cheskiewicz",
    "setasides": [],
    "sam_exclusion": false,
    "name": "Concurrent Technologies Corporation",
    "number_of_employees": 1328,
    "cm_email": "OASIS@ctc.com",
    "pm_email": "OASIS@ctc.com",
    "cm_phone": "814-269-6504",
    "sam_address": "100 CTC DR",
    "pm_name": "Timothy Tibbits",
    "sam_activation_date": "2017-10-13T10:43:56Z",
    "duns_4": "1897378100000",
    "pm_phone": "814-248-7605",
    "annual_revenue": 200900000,
    "duns": "189737810",
    "sam_status": "ACTIVE",
    "cage": "0W151",
    "sam_citystate": "JOHNSTOWN, PA 15904",
    "sam_url": null,
    "sam_expiration_date": "2018-10-13T10:38:12Z"
  },
  "model": "vendors.vendor",
  "pk": 1589
},
{
  "fields": {
    "cm_name": "Robin Amburn Grob",
    "setasides": [],
    "sam_exclusion": false,
    "name": "Cubic Global Defense, Inc.",
    "number_of_employees": 1916,
    "cm_email": "OASIS@cubic.com",
    "pm_email": "OASIS@cubic.com",
    "cm_phone": "757-722-0717 x 1701",
    "sam_address": "2280 HISTORIC DECATUR RD STE 200",
    "pm_name": "John \"Doug\" Harding",
    "sam_activation_date": "2017-10-24T09:44:44Z",
    "duns_4": "8391792720000",
    "pm_phone": "913-680-2035",
    "annual_revenue": 120000000,
    "duns": "839179272",
    "sam_status": "ACTIVE",
    "cage": "00BW7",
    "sam_citystate": "SAN DIEGO, CA 92106",
    "sam_url": "https://www.cubic.com",
    "sam_expiration_date": "2018-10-23T17:28:16Z"
  },
  "model": "vendors.vendor",
  "pk": 1590
},
{
  "fields": {
    "cm_name": "Peter Gaaserud",
    "setasides": [],
    "sam_exclusion": false,
    "name": "Engility LLC",
    "number_of_employees": 12000,
    "cm_email": "OASIS@engilitycorp.com",
    "pm_email": "OASIS@engilitycorp.com",
    "cm_phone": "703-984-6108",
    "sam_address": "4803 Stonecroft Blvd",
    "pm_name": "Steve Taylor",
    "sam_activation_date": "2017-12-12T11:59:16Z",
    "duns_4": "0483418380000",
    "pm_phone": "978-655-9713",
    "annual_revenue": 2000000000,
    "duns": "048341838",
    "sam_status": "ACTIVE",
    "cage": "02NP8",
    "sam_citystate": "Chantilly, VA 20151",
    "sam_url": "http://www.engilitycorp.com",
    "sam_expiration_date": "2018-12-12T11:45:38Z"
  },
  "model": "vendors.vendor",
  "pk": 1591
},
{
  "fields": {
    "cm_name": "Peter Gaaserud",
    "setasides": [],
    "sam_exclusion": false,
    "name": "Engility Corporation ",
    "number_of_employees": 5000,
    "cm_email": "OASIS@engilitycorp.com",
    "pm_email": "OASIS@engilitycorp.com",
    "cm_phone": "703-984-6108",
    "sam_address": "35 New England Business Ctr Dr Ste 200",
    "pm_name": "Steve Taylor",
    "sam_activation_date": "2017-12-12T11:59:22Z",
    "duns_4": "0693419720000",
    "pm_phone": "978-655-9713",
    "annual_revenue": 1500000000,
    "duns": "069341972",
    "sam_status": "ACTIVE",
    "cage": "4A457",
    "sam_citystate": "Andover, MA 01810",
    "sam_url": null,
    "sam_expiration_date": "2018-12-12T11:39:43Z"
  },
  "model": "vendors.vendor",
  "pk": 1592
},
{
  "fields": {
    "cm_name": "Kathryn (Kate) Hargadon",
    "setasides": [],
    "sam_exclusion": false,
    "name": "Engineering Solutions & Products LLC",
    "number_of_employees": 0,
    "cm_email": "OASIS@espus.com",
    "pm_email": "OASIS@espus.com",
    "cm_phone": "571-375-1426 x 2126",
    "sam_address": "14566 Lee Rd",
    "pm_name": "Hans Hollister",
    "sam_activation_date": "2017-10-19T09:28:52Z",
    "duns_4": "9312212580000",
    "pm_phone": "571-375-1408",
    "annual_revenue": 0,
    "duns": "931221258",
    "sam_status": "ACTIVE",
    "cage": "1RW04",
    "sam_citystate": "Chantilly, VA 20151",
    "sam_url": "http://www.espus.com",
    "sam_expiration_date": "2018-10-19T09:10:06Z"
  },
  "model": "vendors.vendor",
  "pk": 1593
},
{
  "fields": {
    "cm_name": "Janet L. Skahill",
    "setasides": [],
    "sam_exclusion": false,
    "name": "General Dynamics Information Technology, Inc.",
    "number_of_employees": 0,
    "cm_email": "Janet.Skahill@gdit.com",
    "pm_email": "GDITGSA@gdit.com",
    "cm_phone": "401-845-3658",
    "sam_address": "3211 JERMANTOWN RD",
    "pm_name": "Michael McHugh",
    "sam_activation_date": "2017-12-15T08:58:22Z",
    "duns_4": "0676415970000",
    "pm_phone": "703-995-5373",
    "annual_revenue": 0,
    "duns": "067641597",
    "sam_status": "ACTIVE",
    "cage": "07MU1",
    "sam_citystate": "FAIRFAX, VA 22030",
    "sam_url": "http://www.gdit.com",
    "sam_expiration_date": "2018-12-15T08:45:18Z"
  },
  "model": "vendors.vendor",
  "pk": 1594
},
{
  "fields": {
    "cm_name": "Valerie Bourland",
    "setasides": [],
    "sam_exclusion": false,
    "name": "Harris Corporation",
    "number_of_employees": 42450,
    "cm_email": "vbourlan@harris.com",
    "pm_email": "dwilley@harris.com",
    "cm_phone": "321-494-6243",
    "sam_address": "12975 Worldgate Dr Ste 2413",
    "pm_name": "Daniel Willey",
    "sam_activation_date": "2017-10-12T15:13:59Z",
    "duns_4": "0836554980000",
    "pm_phone": "618-206-5027",
    "annual_revenue": 6306000,
    "duns": "083655498",
    "sam_status": "ACTIVE",
    "cage": "9M715",
    "sam_citystate": "Herndon, VA 20170",
    "sam_url": "http://www.peraton.com",
    "sam_expiration_date": "2018-10-12T15:01:54Z"
  },
  "model": "vendors.vendor",
  "pk": 1595
},
{
  "fields": {
    "cm_name": "Jeff Beckner",
    "setasides": [],
    "sam_exclusion": false,
    "name": "ICF Incorporated, LLC",
    "number_of_employees": 5900,
    "cm_email": "ICF-OASIS@icfi.com\u00a0",
    "pm_email": "ICF-OASIS@icfi.com\u00a0",
    "cm_phone": "703-934-3147",
    "sam_address": "9300 LEE HWY ",
    "pm_name": "Mark Youman",
    "sam_activation_date": "2017-10-13T18:13:56Z",
    "duns_4": "0726485790000",
    "pm_phone": "703-934-3658",
    "annual_revenue": 750000000,
    "duns": "072648579",
    "sam_status": "ACTIVE",
    "cage": "5M571",
    "sam_citystate": "FAIRFAX, VA 22031",
    "sam_url": "http://www.icf.com/",
    "sam_expiration_date": "2018-10-13T18:04:57Z"
  },
  "model": "vendors.vendor",
  "pk": 1596
},
{
  "fields": {
    "cm_name": "Candice N. Ong",
    "setasides": [],
    "sam_exclusion": false,
    "name": "International Business Machines Corporation dba IBM",
    "number_of_employees": 0,
    "cm_email": "GSAOASIS@us.ibm.com",
    "pm_email": "GSAOASIS@us.ibm.com",
    "cm_phone": "720-395-3299",
    "sam_address": "6710 ROCKLEDGE DRIVE",
    "pm_name": "Tom Bertke",
    "sam_activation_date": "2017-07-18T17:59:39Z",
    "duns_4": "8351304850000",
    "pm_phone": "703-850-8032",
    "annual_revenue": 0,
    "duns": "835130485",
    "sam_status": "ACTIVE",
    "cage": "3BXY7",
    "sam_citystate": "BETHESDA, MD 20817",
    "sam_url": "http://ibm.com/easyaccess/gsa",
    "sam_expiration_date": "2018-07-18T17:44:10Z"
  },
  "model": "vendors.vendor",
  "pk": 1597
},
{
  "fields": {
    "cm_name": "Jeffrey Foster",
    "setasides": [],
    "sam_exclusion": false,
    "name": "Jacobs Technology, Inc.",
    "number_of_employees": 48600,
    "cm_email": "OASIS@jacobs.com",
    "pm_email": "OASIS@jacobs.com",
    "cm_phone": "931-393-6262",
    "sam_address": "600 WILLIAM NORTHERN BLVD",
    "pm_name": "Shawn Nunn",
    "sam_activation_date": "2017-10-20T16:13:51Z",
    "duns_4": "0079230140000",
    "pm_phone": "931-393-6429",
    "annual_revenue": 10396986368,
    "duns": "007923014",
    "sam_status": "ACTIVE",
    "cage": "07486",
    "sam_citystate": "TULLAHOMA, TN 37388",
    "sam_url": "http://www.jacobstechnology.com",
    "sam_expiration_date": "2018-10-20T16:05:02Z"
  },
  "model": "vendors.vendor",
  "pk": 1598
},
{
  "fields": {
    "cm_name": "Amy DeRieux",
    "setasides": [],
    "sam_exclusion": false,
    "name": "Kbrwyle Technology Solutions, LLC dba KBRWYLE",
    "number_of_employees": 5000,
    "cm_email": "KTS-OASIS@kbrwyle.com",
    "pm_email": "KTS-OASIS@kbrwyle.com",
    "cm_phone": "540-413-6954",
    "sam_address": "7000 Columbia Gateway Dr Ste 100",
    "pm_name": "Paul Schendel",
    "sam_activation_date": "2017-11-29T06:58:29Z",
    "duns_4": "0410142420000",
    "pm_phone": "301-737-1035",
    "annual_revenue": 650000000,
    "duns": "041014242",
    "sam_status": "ACTIVE",
    "cage": "15151",
    "sam_citystate": "Columbia, MD 21046",
    "sam_url": "https://kbr.com/markets/government/kbr-wyle/",
    "sam_expiration_date": "2018-11-29T06:52:07Z"
  },
  "model": "vendors.vendor",
  "pk": 1599
},
{
  "fields": {
    "cm_name": "Sandra L. Reid",
    "setasides": [],
    "sam_exclusion": false,
    "name": "Leidos, Inc.",
    "number_of_employees": 44000,
    "cm_email": "OASISCOCM@leidos.com",
    "pm_email": "OASISCOPM@leidos.com",
    "cm_phone": "202-386-1703",
    "sam_address": "11951 Freedom Dr",
    "pm_name": "Joseph A. Pastel",
    "sam_activation_date": "2017-02-08T12:27:21Z",
    "duns_4": "0547812400000",
    "pm_phone": "571-526-7087",
    "annual_revenue": 8300000256,
    "duns": "054781240",
    "sam_status": "ACTIVE",
    "cage": "52302",
    "sam_citystate": "Reston, VA 20190",
    "sam_url": "http://www.leidos.com",
    "sam_expiration_date": "2018-02-08T11:51:00Z"
  },
  "model": "vendors.vendor",
  "pk": 1600
},
{
  "fields": {
    "cm_name": "Kathleen Van Dorn",
    "setasides": [],
    "sam_exclusion": false,
    "name": "Lockheed Martin Integrated Systems, LLC.",
    "number_of_employees": 35000,
    "cm_email": "OASIS-PMO.GR-ISGS@lmco.com",
    "pm_email": "OASIS-PMO.GR-ISGS@lmco.com",
    "cm_phone": "303-932-5008",
    "sam_address": "1293 Perimeter Pkwy",
    "pm_name": "Richard Buchanan",
    "sam_activation_date": "2017-03-21T11:36:25Z",
    "duns_4": "7808200020000",
    "pm_phone": "757-374-5875",
    "annual_revenue": 6000000000,
    "duns": "780820002",
    "sam_status": "ACTIVE",
    "cage": "4FZ81",
    "sam_citystate": "Virginia Beach, VA 23454",
    "sam_url": null,
    "sam_expiration_date": "2018-03-16T16:04:29Z"
  },
  "model": "vendors.vendor",
  "pk": 1601
},
{
  "fields": {
    "cm_name": "Andrea Pattison",
    "setasides": [],
    "sam_exclusion": false,
    "name": "Logistics Management Institute (LMI)",
    "number_of_employees": 0,
    "cm_email": "OASIS@lmi.org",
    "pm_email": "OASIS@lmi.org",
    "cm_phone": "571-633-7994",
    "sam_address": "7940 Jones Branch Drive ",
    "pm_name": "Todd Nelson",
    "sam_activation_date": "2017-10-16T09:58:57Z",
    "duns_4": "0533857380000",
    "pm_phone": "571-209-2544",
    "annual_revenue": 0,
    "duns": "053385738",
    "sam_status": "ACTIVE",
    "cage": "2D675",
    "sam_citystate": "Mc Lean, VA 22102",
    "sam_url": "HTTP://WWW.LMI.ORG",
    "sam_expiration_date": "2018-10-16T09:47:28Z"
  },
  "model": "vendors.vendor",
  "pk": 1602
},
{
  "fields": {
    "cm_name": "Jeromy Block",
    "setasides": [],
    "sam_exclusion": false,
    "name": "ManTech Advanced Systems International, Inc.",
    "number_of_employees": 0,
    "cm_email": "OASIS@mantech.com",
    "pm_email": "OASIS@mantech.com",
    "cm_phone": "703-218-6440",
    "sam_address": "2251 Corporate Park Drive",
    "pm_name": "Paula Bayliss",
    "sam_activation_date": "2017-10-10T12:58:58Z",
    "duns_4": "1396275250000",
    "pm_phone": "703-633-2458",
    "annual_revenue": 0,
    "duns": "139627525",
    "sam_status": "ACTIVE",
    "cage": "5N741",
    "sam_citystate": "Herndon, VA 20171",
    "sam_url": "http://www.mantech.com",
    "sam_expiration_date": "2018-10-10T12:43:10Z"
  },
  "model": "vendors.vendor",
  "pk": 1603
},
{
  "fields": {
    "cm_name": "Linda R. Bavely",
    "setasides": [],
    "sam_exclusion": false,
    "name": "Northrop Grumman Systems Corporation",
    "number_of_employees": 67000,
    "cm_email": "CONTRACTOASIS@ngc.com",
    "pm_email": "Jana.Haas@ngc.com",
    "cm_phone": "703-713-4577",
    "sam_address": "2340 Dulles Corner Blvd",
    "pm_name": "Jana Haas",
    "sam_activation_date": "2017-10-23T11:00:24Z",
    "duns_4": "0785025200000",
    "pm_phone": "703-713-4938",
    "annual_revenue": 24004333568,
    "duns": "078502520",
    "sam_status": "ACTIVE",
    "cage": "5FVX5",
    "sam_citystate": "Herndon, VA 20171",
    "sam_url": null,
    "sam_expiration_date": "2018-10-23T10:41:31Z"
  },
  "model": "vendors.vendor",
  "pk": 1604
},
{
  "fields": {
    "cm_name": "Tondra Fry",
    "setasides": [],
    "sam_exclusion": false,
    "name": "Parsons Government Services, Inc",
    "number_of_employees": 806,
    "cm_email": "OASIS-CO@parsons.com",
    "pm_email": "OASIS-PM@parsons.com",
    "cm_phone": "626-298-4672",
    "sam_address": "100 W Walnut St",
    "pm_name": "Barry Adams",
    "sam_activation_date": "2017-10-30T09:58:50Z",
    "duns_4": "0069085110000",
    "pm_phone": "310-956-5229",
    "annual_revenue": 750000000,
    "duns": "006908511",
    "sam_status": "ACTIVE",
    "cage": "1BVK6",
    "sam_citystate": "Pasadena, CA 91124",
    "sam_url": "http://www.parsons.com",
    "sam_expiration_date": "2018-10-30T09:41:50Z"
  },
  "model": "vendors.vendor",
  "pk": 1605
},
{
  "fields": {
    "cm_name": "Robin A. Klonarides",
    "setasides": [],
    "sam_exclusion": false,
    "name": "Raytheon Company",
    "number_of_employees": 0,
    "cm_email": "GSA_OASIS@raytheon.com",
    "pm_email": "GSA_OASIS@raytheon.com",
    "cm_phone": "571-250-1082",
    "sam_address": "22260 PACIFIC BLVD",
    "pm_name": "Raymond Moehler",
    "sam_activation_date": "2017-10-10T12:14:04Z",
    "duns_4": "0533874290000",
    "pm_phone": "571-250-1090",
    "annual_revenue": 0,
    "duns": "053387429",
    "sam_status": "ACTIVE",
    "cage": "04071",
    "sam_citystate": "DULLES, VA 20166",
    "sam_url": "http://www.raytheon.com",
    "sam_expiration_date": "2018-10-10T11:53:50Z"
  },
  "model": "vendors.vendor",
  "pk": 1606
},
{
  "fields": {
    "cm_name": "Sarah Getty",
    "setasides": [],
    "sam_exclusion": false,
    "name": "Science Applications International Corporation dba SAIC",
    "number_of_employees": 13758,
    "cm_email": "Sarah.L.Getty@saic.com",
    "pm_email": "Belinda.B.Pellegrino@saic.com",
    "cm_phone": "703-676-5335",
    "sam_address": "12010 Sunset Hills Rd",
    "pm_name": "Michelle Matthews",
    "sam_activation_date": "2017-10-18T08:58:52Z",
    "duns_4": "0788833270000",
    "pm_phone": "703-676-2013",
    "annual_revenue": 4000000000,
    "duns": "078883327",
    "sam_status": "ACTIVE",
    "cage": "6XWA8",
    "sam_citystate": "Reston, VA 20190",
    "sam_url": null,
    "sam_expiration_date": "2018-10-18T08:50:21Z"
  },
  "model": "vendors.vendor",
  "pk": 1607
},
{
  "fields": {
    "cm_name": "Patrick Haar",
    "setasides": [],
    "sam_exclusion": false,
    "name": "Serco, Inc.",
    "number_of_employees": 5500,
    "cm_email": "OASIS@Serco-NA.com",
    "pm_email": "OASIS@Serco-NA.com",
    "cm_phone": "719-235-4357",
    "sam_address": "1818 LIBRARY ST STE 1000",
    "pm_name": "Darryl Mathis",
    "sam_activation_date": "2017-10-30T10:58:54Z",
    "duns_4": "9288591490000",
    "pm_phone": "703-939-6628",
    "annual_revenue": 450000000,
    "duns": "928859149",
    "sam_status": "ACTIVE",
    "cage": "022Q2",
    "sam_citystate": "RESTON, VA 20190",
    "sam_url": "http://www.serco-na.com",
    "sam_expiration_date": "2018-10-30T10:43:38Z"
  },
  "model": "vendors.vendor",
  "pk": 1608
},
{
  "fields": {
    "cm_name": "Julie Smith",
    "setasides": [],
    "sam_exclusion": false,
    "name": "SGT, Inc.",
    "number_of_employees": 975,
    "cm_email": "OASIS@sgt-inc.com",
    "pm_email": "OASIS@sgt-inc.com",
    "cm_phone": "301-486-3178",
    "sam_address": "7701 GREENBELT RD  STE 400",
    "pm_name": "Douglas Hayes",
    "sam_activation_date": "2017-11-10T15:58:46Z",
    "duns_4": "8789013960000",
    "pm_phone": "301-313-3503",
    "annual_revenue": 117000000,
    "duns": "878901396",
    "sam_status": "ACTIVE",
    "cage": "1DDX3",
    "sam_citystate": "GREENBELT, MD 20770",
    "sam_url": "http://www.sgt-inc.com",
    "sam_expiration_date": "2018-11-10T15:46:05Z"
  },
  "model": "vendors.vendor",
  "pk": 1609
},
{
  "fields": {
    "cm_name": "Troy Nagy",
    "setasides": [],
    "sam_exclusion": false,
    "name": "Southwest Research Institute",
    "number_of_employees": 2900,
    "cm_email": "OASIS@swri.org",
    "pm_email": "OASIS@swri.org",
    "cm_phone": "210-522-2230",
    "sam_address": "6220 CULEBRA RD",
    "pm_name": "Janice Dean",
    "sam_activation_date": "2017-10-13T12:38:51Z",
    "duns_4": "0079368420000",
    "pm_phone": "210-522-5180",
    "annual_revenue": 47,
    "duns": "007936842",
    "sam_status": "ACTIVE",
    "cage": "26401",
    "sam_citystate": "SAN ANTONIO, TX 78238",
    "sam_url": "http://www.swri.org",
    "sam_expiration_date": "2018-10-13T12:04:32Z"
  },
  "model": "vendors.vendor",
  "pk": 1610
},
{
  "fields": {
    "cm_name": "Susan Wease",
    "setasides": [],
    "sam_exclusion": false,
    "name": "SRA International, Inc. dba SRA",
    "number_of_employees": 0,
    "cm_email": "OASIS@sra.com",
    "pm_email": "OASIS@sra.com",
    "cm_phone": "571-446-4017",
    "sam_address": "15036 CONFERENCE CENTER DR",
    "pm_name": "Mark McNeely",
    "sam_activation_date": "2017-11-06T11:58:51Z",
    "duns_4": "0977796980000",
    "pm_phone": "571-446-5182",
    "annual_revenue": 0,
    "duns": "097779698",
    "sam_status": "ACTIVE",
    "cage": "6R517",
    "sam_citystate": "CHANTILLY, VA 20151",
    "sam_url": "http://www.csra.com",
    "sam_expiration_date": "2018-11-06T11:40:21Z"
  },
  "model": "vendors.vendor",
  "pk": 1611
},
{
  "fields": {
    "cm_name": "Brandon Gravett",
    "setasides": [],
    "sam_exclusion": false,
    "name": "SRI International",
    "number_of_employees": 1958,
    "cm_email": "Brandon.Gravett@sri.com",
    "pm_email": "David.Scott@sri.com",
    "cm_phone": "609-734-2285",
    "sam_address": "333 Ravenswood Ave ",
    "pm_name": "Dave Scott",
    "sam_activation_date": "2017-11-06T18:43:42Z",
    "duns_4": "0092327520000",
    "pm_phone": "703-310-1254",
    "annual_revenue": 362906944,
    "duns": "009232752",
    "sam_status": "ACTIVE",
    "cage": "03652",
    "sam_citystate": "Menlo Park, CA 94025",
    "sam_url": "http://www.sri.com",
    "sam_expiration_date": "2018-11-06T18:32:40Z"
  },
  "model": "vendors.vendor",
  "pk": 1612
},
{
  "fields": {
    "cm_name": "Barbara Petersen",
    "setasides": [],
    "sam_exclusion": false,
    "name": "Tetra Tech, Inc.",
    "number_of_employees": 13000,
    "cm_email": "OASIS@tetratech.com",
    "pm_email": "Bill.Brownlie@tetratech.com",
    "cm_phone": "626-470-2407",
    "sam_address": "3475 E FOOTHILL BLVD",
    "pm_name": "William R. Brownlie, PhD, PE",
    "sam_activation_date": "2017-10-16T14:29:04Z",
    "duns_4": "0452242500000",
    "pm_phone": "626-470-2302",
    "annual_revenue": 2353999872,
    "duns": "045224250",
    "sam_status": "ACTIVE",
    "cage": "078E8",
    "sam_citystate": "PASADENA, CA 91107",
    "sam_url": "http://www.tetratech.com/",
    "sam_expiration_date": "2018-10-16T14:23:17Z"
  },
  "model": "vendors.vendor",
  "pk": 1613
},
{
  "fields": {
    "cm_name": "Kyle Renehan",
    "setasides": [],
    "sam_exclusion": false,
    "name": "URS Federal Services, Inc.",
    "number_of_employees": 45000,
    "cm_email": "FS.OASIS.COCM@aecom.com",
    "pm_email": "FS.OASIS.COPM@aecom.com",
    "cm_phone": "301-944-3224",
    "sam_address": "20501 Seneca Meadows Pkwy Ste 300",
    "pm_name": "Meghan Flynn",
    "sam_activation_date": "2017-12-13T22:28:23Z",
    "duns_4": "9615305450000",
    "pm_phone": "303-358-7194",
    "annual_revenue": 8242000000,
    "duns": "961530545",
    "sam_status": "ACTIVE",
    "cage": "5W3V7",
    "sam_citystate": "Germantown, MD 20876",
    "sam_url": null,
    "sam_expiration_date": "2018-12-13T22:13:55Z"
  },
  "model": "vendors.vendor",
  "pk": 1614
},
{
  "fields": {
    "cm_name": "Thomas Zamadics",
    "setasides": [],
    "sam_exclusion": false,
    "name": "Vencore, Inc.",
    "number_of_employees": 1900,
    "cm_email": "GSAOASIS@vencore.com",
    "pm_email": "GSAOASIS@vencore.com",
    "cm_phone": "484-687-6979",
    "sam_address": "720 Vandenberg Blvd",
    "pm_name": "Chip Taylor",
    "sam_activation_date": "2017-11-10T10:13:40Z",
    "duns_4": "9655190980000",
    "pm_phone": "703-460-3301",
    "annual_revenue": 650000000,
    "duns": "965519098",
    "sam_status": "ACTIVE",
    "cage": "66U63",
    "sam_citystate": "King of Prussia, PA 19406",
    "sam_url": "http://www.vencore.com/",
    "sam_expiration_date": "2018-11-10T09:55:14Z"
  },
  "model": "vendors.vendor",
  "pk": 1615
},
{
  "fields": {
    "cm_name": "Tina Norris",
    "setasides": [],
    "sam_exclusion": false,
    "name": "Wyle Laboratories, Inc.",
    "number_of_employees": 0,
    "cm_email": "OASIS@wyle.com",
    "pm_email": "OASIS@wyle.com",
    "cm_phone": "301-863-4415",
    "sam_address": "345 Bob Heath Dr ",
    "pm_name": "Kim Austin",
    "sam_activation_date": "2017-10-10T15:14:04Z",
    "duns_4": "0410244150000",
    "pm_phone": "301-863-4466",
    "annual_revenue": 0,
    "duns": "041024415",
    "sam_status": "ACTIVE",
    "cage": "2B360",
    "sam_citystate": "Huntsville, AL 35806",
    "sam_url": "http://www.wyle.com",
    "sam_expiration_date": "2018-10-10T14:57:52Z"
  },
  "model": "vendors.vendor",
  "pk": 1616
},
{
  "fields": {
    "cm_name": "Joel Gardner",
    "setasides": [],
    "sam_exclusion": false,
    "name": "Ace Info Solutions, Inc.",
    "number_of_employees": 55,
    "cm_email": "OASIS@aceinfosolutions.com",
    "pm_email": "OASIS@aceinfosolutions.com",
    "cm_phone": "703-391-2800 x 337",
    "sam_address": "11490 COMMERCE PARK DR STE 340",
    "pm_name": "Alan Kaufax",
    "sam_activation_date": "2017-11-13T15:44:25Z",
    "duns_4": "0709931620000",
    "pm_phone": "703-391-2800 x 323",
    "annual_revenue": 7000000,
    "duns": "070993162",
    "sam_status": "ACTIVE",
    "cage": "1V1B8",
    "sam_citystate": "RESTON, VA 20191",
    "sam_url": "http://www.aceinfosolutions.com",
    "sam_expiration_date": "2018-11-13T15:31:22Z"
  },
  "model": "vendors.vendor",
  "pk": 1617
},
{
  "fields": {
    "cm_name": "Donna (Dawn) Aucoin",
    "setasides": [],
    "sam_exclusion": false,
    "name": "Amec Foster Wheeler Environment & Infrastructure, Inc.",
    "number_of_employees": 0,
    "cm_email": "OASIS@amecfw.com",
    "pm_email": "Peter.Baker@amecfw.com",
    "cm_phone": "865-218-1051",
    "sam_address": "751 Arbor Way, Ste 180 ",
    "pm_name": "Peter Baker",
    "sam_activation_date": "2017-10-09T16:43:58Z",
    "duns_4": "0380861250000",
    "pm_phone": "207-775-5401",
    "annual_revenue": 0,
    "duns": "038086125",
    "sam_status": "ACTIVE",
    "cage": "1U1W9",
    "sam_citystate": "Blue Bell, PA 19422",
    "sam_url": "http://www.amecfw.com",
    "sam_expiration_date": "2018-10-09T16:33:29Z"
  },
  "model": "vendors.vendor",
  "pk": 1618
},
{
  "fields": {
    "cm_name": "Ken Logerwell",
    "setasides": [],
    "sam_exclusion": false,
    "name": "CACI NSS, Inc.",
    "number_of_employees": 65000,
    "cm_email": "CACIOASIS@caci.com",
    "pm_email": "CACIOASIS@caci.com",
    "cm_phone": "703-679-3406",
    "sam_address": "11955 Freedom Dr Ste 12000",
    "pm_name": "Ted Buford",
    "sam_activation_date": "2017-04-26T15:27:48Z",
    "duns_4": "1361274820000",
    "pm_phone": "703-679-4177",
    "annual_revenue": 12000000000,
    "duns": "136127482",
    "sam_status": "ACTIVE",
    "cage": "3HNV7",
    "sam_citystate": "Reston, VA 20190",
    "sam_url": "http://www.caci.com",
    "sam_expiration_date": "2018-04-26T15:15:06Z"
  },
  "model": "vendors.vendor",
  "pk": 1619
},
{
  "fields": {
    "cm_name": "Nancy Dunn",
    "setasides": [],
    "sam_exclusion": false,
    "name": "Deloitte Consulting, LLP",
    "number_of_employees": 9714,
    "cm_email": "OASIS@deloitte.com",
    "pm_email": "OASIS@deloitte.com",
    "cm_phone": "703-251-1143",
    "sam_address": "1919 N Lynn St",
    "pm_name": "Jared Townshend",
    "sam_activation_date": "2017-11-07T22:29:20Z",
    "duns_4": "0191215860000",
    "pm_phone": "517-814-6874",
    "annual_revenue": 2967000064,
    "duns": "019121586",
    "sam_status": "ACTIVE",
    "cage": "1TTG5",
    "sam_citystate": "Arlington, VA 22209",
    "sam_url": "http://www.deloitte.com",
    "sam_expiration_date": "2018-11-07T22:22:34Z"
  },
  "model": "vendors.vendor",
  "pk": 1620
},
{
  "fields": {
    "cm_name": "Dana McNally",
    "setasides": [],
    "sam_exclusion": false,
    "name": "Harris Corporation",
    "number_of_employees": 0,
    "cm_email": "OASIS@harris.com",
    "pm_email": "OASIS@harris.com",
    "cm_phone": "321-727-4198",
    "sam_address": "2400 PALM BAY RD NE",
    "pm_name": "Greg Terry",
    "sam_activation_date": "2017-10-23T16:00:33Z",
    "duns_4": "0217152060000",
    "pm_phone": "321-729-7962",
    "annual_revenue": 0,
    "duns": "021715206",
    "sam_status": "ACTIVE",
    "cage": "91417",
    "sam_citystate": "PALM BAY, FL 32905",
    "sam_url": "HTTP://WWW.HARRIS.COM/",
    "sam_expiration_date": "2018-10-23T15:52:57Z"
  },
  "model": "vendors.vendor",
  "pk": 1621
},
{
  "fields": {
    "cm_name": "German Lopez",
    "setasides": [],
    "sam_exclusion": false,
    "name": "Noblis, Inc.",
    "number_of_employees": 796,
    "cm_email": "German.Lopez@noblis.org",
    "pm_email": "OASIS@noblis.org",
    "cm_phone": "703-610-2561",
    "sam_address": "2002 Edmund Halley Dr",
    "pm_name": "Scot Bryant",
    "sam_activation_date": "2017-12-06T16:13:33Z",
    "duns_4": "9329023640000",
    "pm_phone": "210-408-5552",
    "annual_revenue": 13,
    "duns": "932902364",
    "sam_status": "ACTIVE",
    "cage": "05DZ5",
    "sam_citystate": "Reston, VA 20191",
    "sam_url": "http://www.noblis.org",
    "sam_expiration_date": "2018-12-06T16:07:04Z"
  },
  "model": "vendors.vendor",
  "pk": 1622
},
{
  "fields": {
    "cm_name": "Daniel Lebeaux",
    "setasides": [],
    "sam_exclusion": false,
    "name": "PAE Government Services, Inc. dba PAE",
    "number_of_employees": 7767,
    "cm_email": "Daniel.Lebeaux@pae.com",
    "pm_email": "PAE-OASIS@pae.com",
    "cm_phone": "703-717-6140",
    "sam_address": "1320 N. Courthouse Rd, Ste 800",
    "pm_name": "Patty Nunn",
    "sam_activation_date": "2017-11-01T15:44:45Z",
    "duns_4": "8097900170000",
    "pm_phone": "703-717-6144",
    "annual_revenue": 448991200,
    "duns": "809790017",
    "sam_status": "ACTIVE",
    "cage": "00TB2",
    "sam_citystate": "Arlington, VA 22201",
    "sam_url": null,
    "sam_expiration_date": "2018-11-01T15:26:26Z"
  },
  "model": "vendors.vendor",
  "pk": 1623
},
{
  "fields": {
    "cm_name": "Janice Rega",
    "setasides": [],
    "sam_exclusion": false,
    "name": "Unisys Corporation",
    "number_of_employees": 0,
    "cm_email": "OASIS@unisys.com",
    "pm_email": "OASIS@unisys.com",
    "cm_phone": "703-427-2504",
    "sam_address": "11720 Plaza America Dr 7th Fl ",
    "pm_name": "Erik TerHaar",
    "sam_activation_date": "2017-12-14T16:58:25Z",
    "duns_4": "1507806740000",
    "pm_phone": "703-439-5437",
    "annual_revenue": 0,
    "duns": "150780674",
    "sam_status": "ACTIVE",
    "cage": "4W798",
    "sam_citystate": "Reston, VA 20190",
    "sam_url": "http://www.unisys.com",
    "sam_expiration_date": "2018-12-14T16:44:31Z"
  },
  "model": "vendors.vendor",
  "pk": 1624
},
{
  "fields": {
    "cm_name": "Thomas Zamadics",
    "setasides": [],
    "sam_exclusion": false,
    "name": "Vencore Services and Solutions, Inc.",
    "number_of_employees": 5000,
    "cm_email": "GSAOASIS@vencore.com",
    "pm_email": "GSAOASIS@vencore.com",
    "cm_phone": "484-687-6979",
    "sam_address": "3076 Centreville Rd Ste 200",
    "pm_name": "Chip Taylor",
    "sam_activation_date": "2017-11-10T15:58:45Z",
    "duns_4": "8275997590000",
    "pm_phone": "703-460-3301",
    "annual_revenue": 1200000000,
    "duns": "827599759",
    "sam_status": "ACTIVE",
    "cage": "57SH7",
    "sam_citystate": "Herndon, VA 20171",
    "sam_url": "http://www.vencore.com/",
    "sam_expiration_date": "2018-11-10T15:52:41Z"
  },
  "model": "vendors.vendor",
  "pk": 1625
},
{
  "fields": {
    "cm_name": "Cathy S. Kilcoyne",
    "setasides": [],
    "sam_exclusion": false,
    "name": "ECS Federal Inc.",
    "number_of_employees": 80,
    "cm_email": "OASIS@ecs-federal.com",
    "pm_email": "OASIS@ecs-federal.com",
    "cm_phone": "703-270-1554",
    "sam_address": "2750 Prosperity Ave Ste 600",
    "pm_name": "Thomas Johnson",
    "sam_activation_date": "2017-11-28T15:38:33Z",
    "duns_4": "8060268520000",
    "pm_phone": "703-270-1540 x 1145",
    "annual_revenue": 4800000,
    "duns": "806026852",
    "sam_status": "ACTIVE",
    "cage": "1T1E5",
    "sam_citystate": "Fairfax, VA 22031",
    "sam_url": "http://www.ecs-federal.com",
    "sam_expiration_date": "2018-11-28T15:08:23Z"
  },
  "model": "vendors.vendor",
  "pk": 1626
},
{
  "fields": {
    "cm_name": "Regina Samuels",
    "setasides": [],
    "sam_exclusion": false,
    "name": "Grant Thornton, LLP",
    "number_of_employees": 0,
    "cm_email": "GPSGSAOASIS@us.gt.com",
    "pm_email": "GPSGSAOASIS@us.gt.com",
    "cm_phone": "703-637-2835",
    "sam_address": "333 JOHN CARLYLE ST STE 500",
    "pm_name": "Bethany Lee",
    "sam_activation_date": "2017-07-13T16:14:39Z",
    "duns_4": "1281591050000",
    "pm_phone": "703-637-2717",
    "annual_revenue": 0,
    "duns": "128159105",
    "sam_status": "ACTIVE",
    "cage": "1CDS1",
    "sam_citystate": "ALEXANDRIA, VA 22314",
    "sam_url": "http://www.grantthornton.com",
    "sam_expiration_date": "2018-07-13T15:57:00Z"
  },
  "model": "vendors.vendor",
  "pk": 1627
},
{
  "fields": {
    "cm_name": "Mary Embrey",
    "setasides": [],
    "sam_exclusion": false,
    "name": "Kearney & Company, P.C.",
    "number_of_employees": 394,
    "cm_email": "OASIS-COCM@kearneyco.com",
    "pm_email": "OASIS@kearneyco.com",
    "cm_phone": "703-931-5600",
    "sam_address": "1701 DUKE ST STE 500",
    "pm_name": "Dave Zorzi",
    "sam_activation_date": "2017-10-19T10:28:54Z",
    "duns_4": "1865763100000",
    "pm_phone": "703-931-5600",
    "annual_revenue": 56896584,
    "duns": "186576310",
    "sam_status": "ACTIVE",
    "cage": "1SJ14",
    "sam_citystate": "ALEXANDRIA, VA 22314",
    "sam_url": "http://www.kearneyco.com",
    "sam_expiration_date": "2018-10-19T10:18:05Z"
  },
  "model": "vendors.vendor",
  "pk": 1628
},
{
  "fields": {
    "cm_name": "David Kaplan",
    "setasides": [],
    "sam_exclusion": false,
    "name": "National Opinion Research Center dba NORC",
    "number_of_employees": 1189,
    "cm_email": "Kaplan-David@norc.org",
    "pm_email": "Hackett-Jeffrey@norc.org",
    "cm_phone": "312-357-3860",
    "sam_address": "1155 E 60TH ST",
    "pm_name": "Jeffrey Hackett",
    "sam_activation_date": "2017-05-10T19:00:08Z",
    "duns_4": "0695122910000",
    "pm_phone": "312-759-4266",
    "annual_revenue": 142709904,
    "duns": "069512291",
    "sam_status": "ACTIVE",
    "cage": "8A395",
    "sam_citystate": "CHICAGO, IL 60637",
    "sam_url": "http://www.norc.org/",
    "sam_expiration_date": "2018-05-10T18:45:07Z"
  },
  "model": "vendors.vendor",
  "pk": 1629
},
{
  "fields": {
    "cm_name": "Jill Stevens",
    "setasides": [],
    "sam_exclusion": false,
    "name": "Navigant Consulting, Inc.",
    "number_of_employees": 1368,
    "cm_email": "OASIS@navigant.com",
    "pm_email": "OASIS@navigant.com",
    "cm_phone": "202-481-8337",
    "sam_address": "150 N Riverside Plz Ste 2100",
    "pm_name": "Jeff Moor",
    "sam_activation_date": "2017-05-25T12:59:57Z",
    "duns_4": "0225824280000",
    "pm_phone": "215-832-4422",
    "annual_revenue": 258020000,
    "duns": "022582428",
    "sam_status": "ACTIVE",
    "cage": "1HLR9",
    "sam_citystate": "Chicago, IL 60606",
    "sam_url": null,
    "sam_expiration_date": "2018-05-25T12:24:12Z"
  },
  "model": "vendors.vendor",
  "pk": 1630
},
{
  "fields": {
    "cm_name": "Brett Surbey",
    "setasides": [],
    "sam_exclusion": false,
    "name": "PricewaterhouseCoopers Public Sector LLP",
    "number_of_employees": 46836,
    "cm_email": "GSA_OASIS@us.pwc.com",
    "pm_email": "GSA_OASIS@us.pwc.com",
    "cm_phone": "703-918-6698",
    "sam_address": "1800 Tysons Blvd 6th Fl ",
    "pm_name": "Frank Durso",
    "sam_activation_date": "2017-09-13T13:29:23Z",
    "duns_4": "0795298720000",
    "pm_phone": "703-965-8278",
    "annual_revenue": 11888000000,
    "duns": "079529872",
    "sam_status": "ACTIVE",
    "cage": "783T6",
    "sam_citystate": "McLean, VA 22102",
    "sam_url": null,
    "sam_expiration_date": "2018-09-13T13:18:24Z"
  },
  "model": "vendors.vendor",
  "pk": 1631
},
{
  "fields": {
    "cm_name": "Don K. Enichen",
    "setasides": [],
    "sam_exclusion": false,
    "name": "Research Triangle Institute dba RTI International",
    "number_of_employees": 0,
    "cm_email": "OASIS-Pool2@rti.org",
    "pm_email": "OASIS-Pool2@rti.org",
    "cm_phone": "919-541-6634",
    "sam_address": "3040 E Cornwallis Rd",
    "pm_name": "Jennifer E. Lilje",
    "sam_activation_date": "2017-11-01T15:44:42Z",
    "duns_4": "0048681050000",
    "pm_phone": "919-541-6545",
    "annual_revenue": 0,
    "duns": "004868105",
    "sam_status": "ACTIVE",
    "cage": "3A730",
    "sam_citystate": "Research Triangle Park, NC 27709",
    "sam_url": "http://www.rti.org",
    "sam_expiration_date": "2018-11-01T15:34:51Z"
  },
  "model": "vendors.vendor",
  "pk": 1632
},
{
  "fields": {
    "cm_name": "Rhodes Davis",
    "setasides": [],
    "sam_exclusion": false,
    "name": "Teksouth Corporation",
    "number_of_employees": 110,
    "cm_email": "COCM.OASIS@Teksouth.com",
    "pm_email": "COPM.OASIS@Teksouth.com",
    "cm_phone": "205-631-1500",
    "sam_address": "1420 NORTHBROOK DR STE 220",
    "pm_name": "Joe Nizolak",
    "sam_activation_date": "2017-10-19T12:13:58Z",
    "duns_4": "1020915500000",
    "pm_phone": "703-915-3353",
    "annual_revenue": 9000000,
    "duns": "102091550",
    "sam_status": "ACTIVE",
    "cage": "0WXG1",
    "sam_citystate": "GARDENDALE, AL 35071",
    "sam_url": "http://www.teksouth.com",
    "sam_expiration_date": "2018-10-19T12:01:36Z"
  },
  "model": "vendors.vendor",
  "pk": 1633
},
{
  "fields": {
    "cm_name": "Rosemarie Floyd",
    "setasides": [],
    "sam_exclusion": false,
    "name": "TeraThink Corporation",
    "number_of_employees": 20,
    "cm_email": "OASIS@terathink.com",
    "pm_email": "OASIS@terathink.com",
    "cm_phone": "703-663-2777",
    "sam_address": "11955 Freedom Dr Ste 780",
    "pm_name": "Peter Menard",
    "sam_activation_date": "2017-11-30T14:38:27Z",
    "duns_4": "1149218720000",
    "pm_phone": "703-773-6232 x 1003",
    "annual_revenue": 4000000,
    "duns": "114921872",
    "sam_status": "ACTIVE",
    "cage": "3SWH2",
    "sam_citystate": "Reston, VA 20190",
    "sam_url": "http://www.terathink.com",
    "sam_expiration_date": "2018-11-30T14:01:01Z"
  },
  "model": "vendors.vendor",
  "pk": 1634
},
{
  "fields": {
    "cm_name": "Kelly Rinaldi",
    "setasides": [],
    "sam_exclusion": false,
    "name": "The MIL Corporation",
    "number_of_employees": 350,
    "cm_email": "contracts@milcorp.com",
    "pm_email": "jhannah@milcorp.com",
    "cm_phone": "301-765-3009",
    "sam_address": "4000 MITCHELLVILLE RD STE A210",
    "pm_name": "Jason Hannah",
    "sam_activation_date": "2017-11-09T12:29:09Z",
    "duns_4": "1615797350000",
    "pm_phone": "202-437-4054",
    "annual_revenue": 31624643,
    "duns": "161579735",
    "sam_status": "ACTIVE",
    "cage": "0CA21",
    "sam_citystate": "BOWIE, MD 20716",
    "sam_url": "http://www.milcorp.com",
    "sam_expiration_date": "2018-11-09T12:19:02Z"
  },
  "model": "vendors.vendor",
  "pk": 1635
},
{
  "fields": {
    "cm_name": "Rod Mohadjer",
    "setasides": [],
    "sam_exclusion": false,
    "name": "Westat, Inc.",
    "number_of_employees": 4793,
    "cm_email": "OASISCOCM@westat.com",
    "pm_email": "OASISCOPM@westat.com",
    "cm_phone": "301-294-3941",
    "sam_address": "1600 Research Blvd",
    "pm_name": "Payton Smith",
    "sam_activation_date": "2017-06-26T11:00:46Z",
    "duns_4": "0495081200000",
    "pm_phone": "301-294-2090",
    "annual_revenue": 451082208,
    "duns": "049508120",
    "sam_status": "ACTIVE",
    "cage": "1D075",
    "sam_citystate": "Rockville, MD 20850",
    "sam_url": "http://www.westat.com",
    "sam_expiration_date": "2018-06-26T10:45:29Z"
  },
  "model": "vendors.vendor",
  "pk": 1636
},
{
  "fields": {
    "cm_name": "Peter Gaaserud",
    "setasides": [],
    "sam_exclusion": false,
    "name": "Dynamics Research Corporation",
    "number_of_employees": 0,
    "cm_email": "OASIS@engilitycorp.com",
    "pm_email": "OASIS@engilitycorp.com",
    "cm_phone": "703-984-6108",
    "sam_address": "2 Tech Dr ",
    "pm_name": "Steve Taylor",
    "sam_activation_date": "2017-10-11T12:59:03Z",
    "duns_4": "0010141820000",
    "pm_phone": "978-655-9713",
    "annual_revenue": 0,
    "duns": "001014182",
    "sam_status": "ACTIVE",
    "cage": "23383",
    "sam_citystate": "Andover, MA 01810",
    "sam_url": "http://www.engilitycorp.com",
    "sam_expiration_date": "2018-10-11T12:45:47Z"
  },
  "model": "vendors.vendor",
  "pk": 1637
},
{
  "fields": {
    "cm_name": "Lakita Brooks",
    "setasides": [],
    "sam_exclusion": false,
    "name": "Georgia Tech Applied Research Corporation",
    "number_of_employees": 1227,
    "cm_email": "Lakita.Brooks@osp.gatech.edu",
    "pm_email": "Doug.Nation@gtri.gatech.edu",
    "cm_phone": "404-894-6923",
    "sam_address": "505 10th St",
    "pm_name": "H. Douglas Nation",
    "sam_activation_date": "2017-10-18T10:28:56Z",
    "duns_4": "3641246510000",
    "pm_phone": "478-971-2417",
    "annual_revenue": 130400000,
    "duns": "364124651",
    "sam_status": "ACTIVE",
    "cage": "1FEZ4",
    "sam_citystate": "Atlanta, GA 30318",
    "sam_url": "http://www.gtarc.gatech.edu",
    "sam_expiration_date": "2018-10-18T10:22:03Z"
  },
  "model": "vendors.vendor",
  "pk": 1638
},
{
  "fields": {
    "cm_name": "Lisa Montgomery",
    "setasides": [],
    "sam_exclusion": false,
    "name": "MacAulay-Brown, Inc",
    "number_of_employees": 1012,
    "cm_email": "OASIS@macb.com",
    "pm_email": "OASIS@macb.com",
    "cm_phone": "937-426-3421",
    "sam_address": "4021 Executive Dr ",
    "pm_name": "John Halecki",
    "sam_activation_date": "2017-10-16T11:44:13Z",
    "duns_4": "0965004830000",
    "pm_phone": "978-806-5393",
    "annual_revenue": 95000000,
    "duns": "096500483",
    "sam_status": "ACTIVE",
    "cage": "4R389",
    "sam_citystate": "Dayton, OH 45430",
    "sam_url": null,
    "sam_expiration_date": "2018-10-16T11:25:45Z"
  },
  "model": "vendors.vendor",
  "pk": 1639
}
]
